2009 3286
251 180 270 219 1
279 181 364 220 484
784 183 1251 237 [ΔΗΜΟΣΘΕΝΟΎΣ]
1624 197 1664 238 p.
1689 195 1703 222 1
1712 184 1811 233 460,
1826 196 1904 222 9-

251 296 394 356 δαῖον,
435 293 550 360 ὅπερ
596 295 722 358 ὑμεῖς
767 295 971 355 εἰώθατε,
1011 297 1086 345 καὶ
1129 296 1251 358 ἡμᾶς
1287 300 1515 361 προνοεῖν,
1555 294 1682 348 ὅπως
1721 294 1780 345 τὰ

249 376 368 442 πρὸς
393 376 502 431 τοὺς
528 378 660 431 θεοὺς
689 379 898 438 εὐσεβῶς
925 379 1033 447 ἕξει.
1091 379 1119 442 ἡ
1145 378 1230 442 μὲν
1257 380 1337 429 οὖν
1363 379 1562 444 ἡμετέρα
1587 377 1779 443 γέγονεν
1795 403 1833 424 10

251 460 490 522 ἐπιμέλεια
531 463 637 524 ὑμῖν
676 465 739 514 εἷς
783 462 903 512 δέον·
948 464 1024 512 καὶ
1066 461 1159 527 γὰρ
1205 462 1440 525 ἐθύσαμεν
1481 466 1548 530 τῷ
1593 465 1672 512 Διὶ
1712 466 1779 531 τῷ

251 548 432 610 σωτῆρι
460 547 536 595 καὶ
561 549 620 612 τῇ
646 546 831 613 Ἀθηνᾷ
868 548 943 595 καὶ
974 549 1032 612 τῇ
1063 546 1200 613 Νίκῃ,
1228 548 1303 596 καὶ
1329 546 1495 611 γέγονε
1521 544 1676 595 11,καλοὶ
1702 547 1777 596 καὶ

252 626 464 694 σωτήρια
491 630 623 678 ταῦθ’
653 630 758 692 ὑμῖν
785 628 844 678 τὰ
871 629 984 693 ἱερά.
1039 628 1275 691 ἐθύσαμεν
1312 628 1381 678 ἰδὲ
1415 631 1491 679 καὶ
1522 633 1579 696 τῇ
1614 633 1785 679 Πειθοῖ

252 712 327 760 καὶ
361 715 419 777 τῇ
449 712 611 776 Μητρὶ
647 714 743 760 τῶν
781 714 900 760 θεῶν
934 711 1008 760 καὶ
1044 715 1110 779 τῷ
1135 710 1427 773 Ἀπόλλωνι,
1455 714 1530 762 καὶ
1557 714 1773 762 ἐκαλλιε-

250 799 422 858 ροῦμεν
449 792 466 819 k

358 875 369 893 Ι
491 880 500 892 1
568 876 579 893 N
634 879 643 892 9
800 880 820 890 Α
909 879 922 895 N
1010 878 1022 893 Ι
1231 879 1245 896 X
1390 877 1402 894 x
1503 880 1516 896 Χ
1665 877 1676 894 l

251 881 449 928 τυθεντα
489 899 586 942 ιερα
617 881 821 944 ασφαλη
849 900 924 927 και
960 882 1134 938 βεβαια
1172 901 1247 928 και
1282 885 1408 928 καλα
1443 901 1518 928 και
1545 901 1772 944 σωτηρια.

480 795 555 843 καὶ
591 798 753 844 ταῦτα.
810 792 868 857 ἧν
903 795 940 842 δ’
971 795 1077 856 ὑμῖν
1113 797 1188 844 καὶ
1223 794 1282 845 τὰ
1320 800 1415 848 τοῖς
1450 795 1619 848 ἄλλοις
1657 799 1777 849 θεοῖς
1792 821 1827 851 15

253 961 448 1027 δέχεσθε
475 961 557 1011 οὖν
582 960 712 1027 παρὰ
738 965 833 1011 τῶν
860 965 979 1011 θεῶν
1006 961 1229 1012 διδόντων
1255 961 1457 1027 τάγαθά.

958 1060 1067 1106 NE.

316 1134 421 1189 ³Hv
459 1161 541 1200 τις,
571 1140 632 1192 ὡς
671 1138 800 1200 ἔοικε,
838 1137 1007 1206 χρόνος
1043 1143 1156 1205 παρ’
1184 1138 1320 1203 Ῑὺμῖν,
1354 1137 1390 1188 ὦ
1425 1139 1589 1205 ἄνδρες
1624 1143 1771 1204 Ἀθη·
1790 1164 1831 1186 20

1134 1221 1192 1248 mh
1278 1224 1297 1240 ιι
1551 1222 1571 1241 ‚l
1738 1223 1751 1240 t

1174 1246 1226 1273 ov
1266 1226 1517 1288 ανθρωπον
1553 1225 1641 1273 ιδοι
1679 1246 1776 1274 σω-

252 1226 383 1283 ναῖοι,
411 1222 486 1272 ὅτε
526 1220 843 1287 ἐπηνάγκαζεν
883 1224 907 1272 ὁ
947 1225 1105 1285 δῆμος,

252 1309 408 1373 φρονα
448 1307 523 1356 καὶ
565 1305 793 1373 χρηστὸν,
837 1304 1060 1371 πράττειν
1106 1305 1165 1356 τὰ
1207 1305 1338 1357 κοινὰ
1383 1307 1459 1356 καὶ
1504 1306 1678 1373 ἄρχειν,
1723 1307 1777 1357 οὐ

251 1387 423 1438 σπάνει
461 1393 555 1439 τῶν
593 1395 733 1439 τοῦτο
768 1388 1073 1451 βουλομένων
1109 1395 1257 1440 ποιεῖν
1288 1389 1463 1453 (πάντα
1488 1388 1582 1456 γὰρ
1617 1391 1778 1442 τᾶλλα

251 1473 419 1538 εὐτυχῆ
458 1470 544 1535 τὴν
589 1470 733 1522 πόλιν
777 1473 961 1538 κρίνων,
1001 1471 1050 1523 ἓν
1087 1473 1294 1523 οὐδέποτ’
1343 1475 1600 1540 εὐτυχῆσαι
1639 1480 1778 1525 τοῦτο

252 1555 463 1620 ιῙνομίζω,
491 1556 745 1605 ἐπιλείπειν
772 1554 917 1619 αὐτὴν
942 1555 1049 1609 τοὺς
1087 1556 1147 1606 τὰ
1173 1555 1305 1606 κοινὰ
1331 1560 1630 1622 καρποῦσθαι
1654 1562 1773 1617 βου·
1789 1586 1828 1617 25

253 1638 516 1705 λομένους),
539 1640 648 1688 ἀλλ’
679 1638 833 1705 ὅραμα
859 1645 998 1690 τοῦτο
1024 1641 1246 1691 οἐποιεῖτο
1273 1642 1297 1690 ὁ
1334 1642 1480 1703 δῆμος
1507 1642 1648 1691 αὑτοῦ
1686 1664 1771 1692 κα-

253 1719 355 1783 λὸν,
396 1720 432 1771 ὦ
470 1723 633 1788 ἄνδρες
675 1727 932 1786 Ἀθηναῖοι,
959 1727 1033 1773 καὶ
1073 1722 1321 1777 λυσιτελὲς
1360 1727 1418 1791 τῇ
1456 1722 1608 1775 πόλει.
1648 1725 1695 1775 οἵ
1728 1747 1778 1775 τε

253 1804 347 1870 γὰρ
388 1810 599 1872 συνεχεῖς
643 1806 734 1856 οἵδε
774 1806 1198 1872 παραζευγνύμενοι
1241 1808 1418 1874 σφίσιν
1459 1808 1517 1876 ἐξ
1552 1811 1779 1858 Ρὶδιωτῶν

254 1889 528 1939 σπουδαίων
586 1891 661 1939 καὶ
719 1890 908 1940 δικαίων
959 1892 1142 1955 ἀνδρῶν
1193 1891 1562 1957 εὐλαβεστέρους
1613 1889 1779 1945 αὑτοὺς
1795 1905 1898 1955 1461

253 1976 496 2038 παρεῖχον·
538 1974 655 2022 οἵτε
681 1975 883 2040 χρηστοὶ
909 1972 993 2036 μὲν
1020 1975 1147 2036 ὑμῶν
1174 1976 1249 2024 καὶ
1276 1975 1460 2027 δικαίως
1486 1973 1574 2024 (Ιᾶν
1599 1974 1774 2041 ἄρχον-

252 2076 340 2116 τες,
380 2054 444 2118 μὴ
483 2053 607 2106 πάνυ
652 2057 688 2105 δ’
719 2055 809 2106 οἶοί
851 2060 888 2106 τ’
927 2058 1137 2124 ἐνοχλεῖν
1176 2059 1250 2107 καὶ
1289 2057 1654 2123 παραγγέλλειν,
1694 2059 1776 2109 οὐκ

253 2139 586 2202 ἀπηλαύνοντο
631 2144 725 2190 τῶν
766 2145 927 2203 τιμῶν.
980 2146 1060 2191 νῦν
1103 2140 1150 2191 δὲ
1193 2140 1472 2191 παντάπασι
1512 2140 1595 2191 τὸν
1636 2141 1807 2195 αὐτὸνε

254 2220 446 2288 τρόπον,
473 2221 509 2272 ὦ
536 2223 700 2288 ἄνδρες
726 2224 982 2287 Ἀθηναῖοι,
1005 2223 1146 2290 ὅνπερ
1172 2223 1279 2277 τοὺς
1306 2228 1448 2290 ἱερεῖς,
1469 2227 1612 2275 Υοῦτω
1639 2226 1774 2276 καθί-

253 2327 400 2355 στατε
427 2308 501 2356 καὶ
527 2305 633 2359 τοὺς
660 2307 908 2373 ἄρχοντας.
965 2305 1062 2356 εἶτα
1094 2307 1362 2372 θαυμάζετε,
1390 2307 1574 2358 ἐπειδὰν
1601 2310 1625 2358 ὁ
1653 2312 1777 2359 δεῖνα

254 2388 482 2450 εὐδαίμων
516 2390 591 2438 καὶ
627 2390 652 2438 ὁ
687 2392 811 2438 δεῖνα
847 2391 954 2452 ὑμῖν
987 2388 1031 2456 ᾖ,
1058 2395 1269 2457 συνεχῶς
1308 2390 1473 2441 πολλὰ
1499 2390 1776 2454 λαμβάνων,

254 2474 296 2520 οἱ
336 2472 374 2520 δ’
414 2471 558 2521 ἄλλοι
597 2473 823 2536 ςπεριιήτε
861 2472 920 2522 τὰ
956 2472 1134 2524 τούτων
1168 2473 1325 2538 ἀγαθὰ
1364 2473 1628 2539 ζηλοῦντες.
1678 2477 1770 2525 δει-

255 2551 440 2603 νότατοι
479 2553 571 2618 γάρ
607 2556 702 2604 ἐστ’
741 2555 1008 2622 ἀφελέσθαι
1047 2555 1132 2618 μὲν
1175 2555 1247 2606 ὅσ’
1295 2558 1401 2619 ὑμῖν
1446 2556 1655 2623 ὑπάρχει,
1697 2559 1774 2608 καὶ
1791 2585 1829 2606 10

254 2635 445 2699 ῖνόμους
477 2640 581 2704 περὶ
608 2637 786 2689 τούτων
813 2643 970 2701 θεῖναι,
997 2640 1054 2690 ἄν
1089 2663 1158 2693 τις
1197 2641 1511 2709 ἀστυνομήσῃ
1547 2643 1614 2694 δὶς
1649 2640 1678 2705 ἢ
1715 2641 1775 2692 τὰ

309 2753 328 2780 b
350 2757 452 2803 καλὰ]
478 2757 531 2790 καὶ
551 2757 636 2790 καλὰ
656 2770 687 2792 v.
826 2754 834 2781 i
856 2758 891 2791 δέ
913 2770 982 2791 om.
1005 2771 1057 2803 pr.
1078 2759 1121 2793 Y.
1262 2756 1281 2783 k
1303 2760 1354 2793 καὶ
1375 2771 1444 2793 om.
1466 2760 1513 2798 Q.
1645 2757 1655 2784 Ῑ
1678 2758 1770 2805 ὑμῖν]

255 2810 348 2852 ὑμῶν
367 2822 399 2843 ν.
511 2816 541 2834 m
563 2809 601 2844 ὃν
622 2811 663 2844 B.
697 2810 896 2855 Legebatur
917 2810 954 2844 ὃν
969 2809 1020 2845 ἂν.
1130 2817 1145 2833 “
1166 2812 1303 2857 νομίζω]
1330 2813 1471 2855 νομίζων
1491 2812 1538 2851 Q.
1642 2818 1660 2837 ⁰
1681 2813 1772 2846 ἐποι-

256 2864 325 2895 εῖτο
345 2875 414 2896 om.
435 2875 488 2908 pr.
513 2863 554 2897 Y.
666 2869 685 2897 P
706 2863 847 2897 ἰδιωτῶν
868 2864 1076 2898 Schaeferus.
1109 2865 1309 2910 Legebatur
1329 2865 1432 2900 ἰδίων.
1544 2871 1563 2898 q
1582 2863 1622 2899 ἂν
1641 2865 1775 2899 addidjt

256 2915 439 2950 Dobraeus.
512 2921 526 2941 ¹·
546 2915 651 2962 οὕτω]
676 2915 783 2952 οὕτως
805 2916 840 2950 S.
912 2922 926 2942 S
946 2918 1095 2962 περιίητε
1108 2918 1268 2952 VVolfius.
1299 2919 1437 2964 περιῆτε
1456 2918 1546 2952 libri.
1621 2918 1629 2938 ⁸
1652 2918 1775 2962 νόμους

256 2980 326 3002 om.
349 2967 394 3002 Ο.
