2009 3286
255 190 367 232 1450
770 191 1234 246 [ΔΗΜΟΣΘΕΝΟΎΣ]
1600 204 1640 246 p.
1660 191 1784 241 1426,
1802 204 1898 229 11—-

251 327 348 358 τοις
386 306 595 368 ἐπιτιμῶ,
627 304 692 368 μὴ
723 309 888 356 παθεῖν
919 305 1070 367 αὐτὸς,
1102 310 1464 368 συμβουλεῦσαι
1506 303 1555 355 δὲ
1585 303 1615 354 ἃ
1651 304 1767 370 κρά-

252 411 394 439 τιστα
420 387 588 454 νομίζω
613 390 719 454 περὶ
744 393 837 439 τῶν
862 389 1126 455 παρόντων.

972 499 1054 546 ΙΒ.

325 578 539 631 ΙὈὐδένα
577 583 820 643 ἀντειπεῖν,
854 579 890 631 ὦ
926 580 1088 646 ἄνδρες
1123 582 1381 645 Ἀθηναῖοι,
1409 580 1578 646 νομίζω
1617 581 1681 634 ὡς
1715 581 1769 630 οὐ

248 670 392 715 κακοῦ
438 666 636 716 πολίτου
680 667 755 715 καὶ
800 664 990 733 φαύλου
1039 663 1125 728 τὴν
1174 664 1367 729 γνώμην
1418 663 1586 731 ἀνδρός
1637 666 1768 714 ἐστιν
1785 690 1819 721 15

244 749 395 799 εοῧτω
421 747 525 799 τινὰ
549 753 706 812 μισεῖν
732 747 760 813 ἢ
789 753 947 816 φιλεῖν
972 752 1066 799 τῶν
1097 750 1170 799 ἐπὶ
1206 748 1265 798 τὰ
1301 747 1431 799 κοινὰ
1455 747 1766 815 προσιόντων,

244 828 370 882 ὥστε
404 837 487 882 τοῦ
522 835 579 899 τῇ
617 832 755 883 πόλει
789 833 1050 893 βελτίστου
1084 831 1229 896 μηδὲν
1255 830 1527 900 φροντίζειν,
1553 831 1684 882 ἀλλὰ
1709 832 1769 882 τὰ

246 914 331 977 μὲν
374 914 491 981 πρὸς
532 914 763 982 ἐπήρειαν,
802 914 862 966 τὰ
906 915 954 966 δὲ
998 915 1118 982 πρὸς
1163 915 1356 982 ἀφιλίαν
1401 918 1696 982 δημηγορεῖν·
1738 914 1769 967 ἃ

240 1004 462 1049 ποιοῦσιν
495 999 602 1049 ε”νιοι
638 1003 732 1049 τῶν
773 1001 897 1065 δευρὶ
932 998 1212 1066 παριόντων.
1265 999 1358 1064 ἐγὼ
1393 998 1441 1050 δὲ
1471 999 1652 1053 τούτοις
1680 999 1767 1063 μὲν

242 1088 475 1134 τοσοῦτον
510 1082 567 1133 ἂν
606 1083 791 1147 εἴποιμι,
819 1083 890 1134 ὅτι
923 1106 1003 1147 μοι
1038 1086 1258 1134 δοκοῦσιν
1293 1084 1390 1133 οὐδ’
1417 1083 1460 1135 εἴ
1488 1106 1533 1134 τι
1569 1084 1764 1148 πεποιή-
1779 1104 1819 1125 ²0

241 1189 357 1217 κασι
396 1172 630 1218 Ετοιοῦτον
668 1167 875 1234 μέγιστα
908 1167 1234 1234 ἡμαρτηκέναι,
1274 1167 1384 1217 ἀλλ’
1425 1166 1495 1218 ὅτι
1535 1170 1765 1231 δηλοῦσιν

672 1249 972 1303 επαύσεσθαι
1032 1252 1484 1316 παρεσκευασμένοι.
1559 1253 1666 1314 ὑμῖν
1717 1253 1765 1303 δὲ

240 1251 450 1302 οὐδέποτ’
505 1251 609 1301 οὐδὲ

239 1339 454 1400 παραινῶ
479 1333 544 1398 μὴ
571 1333 869 1400 προϊεμένους
909 1335 1028 1398 ὑμᾶς
1054 1332 1222 1388 αὐτοὺς
1262 1334 1420 1386 ἱκανὸν
1455 1340 1595 1386 τοῦτο
1628 1337 1758 1398 νομί-

240 1418 344 1484 ζειν,
385 1417 530 1482 δίκην,
570 1418 682 1468 ὅταν
717 1420 823 1482 ὑμῖν
862 1416 992 1486 δόξῃ,
1031 1417 1162 1484 παρὰ
1203 1418 1381 1470 τούτων
1419 1424 1599 1482 λαβεῖν,
1633 1418 1763 1470 ἀλλὰ

238 1505 315 1553 καὶ
357 1502 562 1565 τούτους,
608 1502 726 1553 ὅσον
770 1505 901 1553 ἐστὶν
945 1504 994 1552 ἐν
1043 1504 1163 1565 ὑμῖν,
1210 1503 1421 1566 κωλύειν,
1463 1505 1539 1553 καὶ
1579 1502 1812 1564 αὐτοὺς,25

237 1583 402 1652 ὥσπερ
429 1585 570 1651 ἕῦπέρ
605 1584 790 1639 πόλεως
821 1585 1053 1652 προσήκει
1090 1585 1498 1649 ι’βουλευομένουῆ
1524 1584 1608 1639 τὰς
1646 1587 1762 1640 ἰδίας

237 1668 493 1722 ἀνελόντας
521 1671 807 1737 φιλονεικίας
833 1668 888 1720 τὸ
913 1673 1045 1737 κοινῇ
1072 1669 1329 1730 βέλτιστον
1355 1673 1657 1732 σκοπεῖσθαι,
1682 1662 1755 1720 ἐνκ

237 1754 555 1817 θυμουμένους
582 1754 652 1805 ὅτι
671 1755 832 1816 οὐδεὶς,
859 1755 955 1804 οὐδ’
979 1752 1078 1817 ἅμα
1103 1753 1276 1807 πάντες
1315 1758 1356 1804 οἱ
1393 1753 1758 1817 πολιτευόμενοι,
1778 1770 1882 1812 1427

235 1840 331 1886 τῶν
369 1836 538 1901 νόμων,
578 1840 653 1907 ἐφ’
688 1837 755 1892 οἷς
796 1840 920 1901 ὑμεῖς
953 1838 1074 1901 ἐστὲ,
1111 1836 1359 1907 ἰάξιόχρεῴ
1398 1837 1521 1889 1(εἶσι
1559 1841 1760 1906 διαφθα-

235 1919 412 1984 ρέντων
439 1921 568 1985 δίκην
597 1923 769 1972 δοῦναι.

957 1997 1036 2045 ΙΓ.

301 2086 450 2141 Ἴσως
475 2089 733 2157 ἐπίφθονον
759 2089 817 2139 ἄν
843 2087 1002 2150 ιτισιν,
1024 2086 1061 2138 ῶ
1087 2087 1250 2154 ἄνδρες
1266 2089 1522 2153 Ἀθηναῖοι,
1544 2087 1759 2158 ΠΗδόξειεν

235 2168 362 2232 εἶναι,
389 2171 432 2221 εἴ
462 2194 531 2224 τις
561 2170 626 2222 ὧν
654 2172 837 2235 ἰδιώτης
876 2174 951 2222 καὶ
988 2176 1082 2222 τῶν
1107 2176 1307 2223 πολλῶν
1334 2174 1463 2237 ὑμῶν
1489 2172 1564 2235 εἷς,
1591 2173 1786 2240 ἑτέρων5

234 2255 737 2318 συμβεβουλευκότων,
777 2256 820 2306 οἳ
862 2259 937 2307 καὶ
988 2260 1054 2325 τῷ
1099 2256 1249 2307 πάλαι
1299 2258 1633 2309 πολιτεύεσθαι
1684 2261 1759 2309 καὶ

236 2341 303 2406 τῷ
340 2339 448 2403 παρ’
480 2340 585 2401 ὑμῖν
622 2339 767 2407 δόξαν
802 2339 921 2406 ἔχειν
958 2348 976 2365 “
992 2341 1265 2407 προέχουσι,
1292 2342 1580 2407 Οπαρελθὼν
1613 2342 1759 2393 Ρεῖποι

235 2422 306 2471 ὅτι
343 2422 395 2470 οὐ
430 2420 575 2484 μόνον
602 2424 728 2490 αὑτῶ
759 2425 981 2473 δοκοῦσιν
1018 2425 1101 2473 οὐκ
1139 2425 1289 2489 ὀρθῶς
1328 2424 1496 2490 λέγειν,
1524 2426 1634 2475 ἀλλ’
1662 2426 1755 2476 οὐδ’

234 2502 375 2568 ἐγγὺς
425 2502 538 2554 εἶναι
589 2510 672 2554 τοῦ
723 2505 784 2557 τὰ
827 2506 992 2556 δέοντα
1042 2507 1339 2572 γιγνώσκειν.
1403 2509 1456 2558 οὐ
1506 2507 1600 2572 μὴν
1643 2510 1756 2558 ἀλλ’

290 2650 310 2677 b
331 2653 478 2699 Οὐδένα]
499 2652 540 2687 ἂν
560 2654 718 2688 additum
739 2661 791 2689 est
811 2655 845 2688 in
868 2657 1011 2691 exordio
1033 2657 1137 2691 simili
1166 2669 1200 2702 p.
1221 2668 1265 2703 14
1270 2668 1288 2704 5
1296 2665 1331 2705 5,
1357 2658 1416 2693 28.
1465 2658 1570 2697 Quod
1590 2658 1647 2692 hic
1667 2670 1754 2704 quo-

235 2719 303 2752 que
324 2707 461 2740 restitui
480 2707 591 2740 voluit
614 2707 785 2742 Baiterus.
897 2715 913 2734 C
933 2708 1039 2755 οὕτω]
1064 2711 1103 2744 οὐ
1123 2711 1163 2743 τὸ
1185 2711 1261 2745 F.v.
1364 2707 1382 2735 (Ῑ
1403 2712 1524 2755 φιλίαν
1545 2711 1753 2746 Schaeferus.

238 2760 436 2805 Legebatur
456 2760 678 2804 φιλονεικίαν.
817 2767 832 2786 ⁰
853 2762 1025 2808 τοιοῦτον]
1049 2766 1182 2797 τοιοῦτο
1203 2776 1234 2798 v.
1378 2761 1392 2788 f
1408 2763 1602 2799 παύσεσθαι
1624 2765 1754 2799 B.S.Y.

236 2813 331 2852 Q.O.
364 2813 563 2858 Legebatur
581 2813 793 2849 παύσασθαι.
882 2821 900 2847 g
922 2815 1006 2860 ὑπὲρ
1025 2816 1174 2861 πόλεως]
1201 2817 1265 2850 ὑπὸ
1284 2819 1415 2852 πόλεως
1435 2832 1490 2862 γρ.
1512 2818 1556 2857 Q.
1632 2815 1652 2842 h
1672 2820 1754 2858 βου-

235 2865 453 2911 λευομένους]
476 2865 708 2911 βουλομένους
729 2866 773 2902 Ο.
929 2865 938 2892 i
968 2868 1152 2916 ἀξιόχρεῴ]
1186 2870 1371 2915 ἀξιόχρεως
1392 2870 1557 2909 ΙΓ.8.ΩΝ.
1579 2876 1614 2905 ct
1633 2871 1751 2916 vulgo.

238 2940 259 2969 k
280 2945 347 2978 εἶσι
369 2945 405 2979 S.
436 2928 505 2979 Ξῖσνῖ
527 2946 567 2982 F.
598 2946 674 2980 ε’στι
693 2947 811 2993 vulgo.
951 2944 961 2970 ¹
981 2947 1090 2992 τισιν]
1116 2962 1166 2983 τις
1186 2961 1217 2983 v.
1347 2954 1376 2973 ¹¹¹
1397 2949 1544 2996 δόξειεν]
1569 2949 1700 2993 δόξοιεν
1719 2961 1751 2982 v.

238 3002 254 3019 Π
276 2998 482 3044 προέχουσι]
507 2999 696 3044 παρέχουσι
717 2999 759 3034 Ο.
846 3005 864 3025 0
884 3000 1081 3046 παρελθὼν]
1106 3000 1157 3045 αρ’
1179 3001 1288 3036 ελθὼν
1310 3002 1346 3037 S.
1432 3006 1449 3030 P
1470 3000 1577 3047 εἴποι]
1601 3000 1683 3036 εἴπω
1703 3014 1734 3036 v.
1786 3024 1789 3027 -
