2009 3286
90 207 278 262 —1485‚
294 225 324 250 ει.
803 212 1088 250 ΕΠΙΣΤΟΛΗ
1122 212 1163 249 Γ.
1635 209 1744 251 1507

147 338 202 392 38
216 324 455 388 μοσθένην
487 323 843 388 ἐκβεβληκότες,
870 326 946 374 καὶ
978 321 1008 373 ἃ
1042 328 1138 377 τοῖς
1176 326 1396 385 τολμῶσι
1433 321 1579 386 μηδὲν
1615 324 1744 386 ὑμῶν

217 408 478 475 φροντίζειν
517 416 536 444 ‘1
548 407 613 472 μὴ
651 413 863 469 λαβοῦσι
900 408 1011 474 παρ’
1054 409 1183 471 ὑμῶν
1222 407 1409 475 ἔξεστιν
1448 407 1582 474 ἔχειν,
1614 409 1740 458 ταῦτ’
1764 417 1871 469 1484

217 491 271 540 οὐ
310 489 511 544 διδόντες
549 493 663 555 ἐμοὶ,
702 491 791 553 ἵνα,
829 489 916 541 τᾶν
951 490 1046 544 οἷός
1081 513 1131 541 τε
1175 489 1226 553 ὦ,
1264 489 1325 541 τά
1364 513 1415 541 τε
1458 489 1745 557 ὀφειλόμενα

216 574 480 643 εἰσπράξας
517 577 593 626 καὶ
624 574 731 628 τοὺς
772 574 943 643 φίλους
982 576 1201 641 ἐρανίσας
1237 574 1296 626 τὰ
1328 574 1446 642 πρὸς
1482 577 1598 639 ὑμᾶς
1634 578 1744 627 διοι-

216 657 365 722 κήσω,
394 661 469 709 καὶ
501 658 567 723 μὴ
598 662 747 725 γῆρας
785 660 861 709 καὶ
899 657 1058 727 φυγὴν
1093 660 1303 726 ἐπίχειρα
1337 663 1432 710 τῶν
1467 659 1581 726 ὑπὲρ
1616 661 1745 723 ὑμῶν

215 744 551 809 πεπονημένων
590 743 723 811 ἔχων,
763 743 917 794 κοινὸν
956 743 1130 797 ὄνειδος
1165 749 1260 794 τῶν
1294 743 1634 808 ἀδικησάντων,
1671 747 1776 796 ἐπὶ5

148 848 203 890 39
219 827 354 896 ξένης
381 826 603 894 Ξπεριιὼν
630 829 823 895 ὁρῶμαι.
879 827 1172 890 βουλομένου
1207 826 1262 878 δέ
1288 851 1378 892 μου
1404 829 1452 879 ἐν
1477 826 1563 891 μὲν
1590 828 1748 892 ὑμετέ-

215 935 302 978 ρας
352 911 544 979 χάριτος
594 912 669 962 καὶ
720 912 1089 979 μεγαλοψυχίας
1139 911 1273 980 τάξει
1327 910 1413 975 τὴν
1464 911 1624 962 οἴκαδέ
1667 934 1748 975 μοι

217 996 383 1065 ἄφιξιν
418 996 654 1062 γενέσθαι,
694 997 879 1064 ἐμαυτῷ
918 994 966 1047 δὲ
1002 996 1147 1046 λύσιν
1181 999 1265 1060 τῆς
1298 995 1545 1061 γεγονυίας
1580 995 1634 1045 οὐ
1673 997 1742 1045 δι-

217 1081 358 1134 καίως
414 1080 735 1149 βλασφημίας
797 1080 1108 1146 πορίσασθαι,
1167 1082 1242 1130 καὶ
1300 1078 1447 1143 μόνον
1510 1082 1749 1133 αἰτοῦντος

221 1165 379 1216 ἄδειαν
418 1164 626 1230 ὅσονπερ
666 1163 838 1232 χρόνον
875 1163 961 1228 τὴν
995 1163 1172 1214 ε”κτισιν
1208 1164 1452 1226 δεδώκατε,
1478 1169 1627 1214 ταῦτα
1663 1161 1749 1226 μὲν
1766 1186 1804 1208 10

220 1250 274 1300 οὐ
310 1254 613 1316 συγχωρεῖτε,
653 1250 854 1315 ἐρωτᾶτε
893 1251 950 1311 δ’,
986 1250 1048 1301 ὡς
1082 1247 1462 1313 ῒάπαγγέλλεται
1499 1246 1618 1313 πρὸς
1656 1245 1747 1310 ἐμὲ,

151 1351 207 1391 40
219 1333 289 1387 τίς
327 1334 410 1384 οὖν
448 1333 589 1384 αὐτὸν
629 1332 798 1383 κωλύει
837 1337 1052 1398 παρεῖναι
1090 1334 1166 1383 καὶ
1204 1337 1353 1382 ταῦτα
1391 1329 1650 1397 πράττειν,
1694 1328 1749 1381 τὸ

219 1418 510 1470 ἐπίστασθαι
537 1416 865 1484 αἰσχύνεσθαι,
893 1414 930 1466 ὦ
957 1416 1120 1482 ἄνδρες
1155 1417 1414 1481 Ἀθηναῖοι,
1440 1416 1516 1466 καὶ
1547 1413 1602 1465 τὸ
1629 1416 1744 1465 ἀνα-

219 1502 332 1571 ξίως
369 1506 463 1553 τῶν
503 1501 618 1568 ὑπὲρ
657 1503 786 1565 ὑμῶν
830 1499 1238 1563 πεπολιτευμένων
1278 1498 1515 1566 πράττειν,
1555 1500 1632 1549 καὶ
1666 1496 1802 1557 “τὸι5

220 1585 279 1637 τὰ
320 1584 434 1637 ὅντα
475 1584 829 1636 ἀπολωλεκέναι
875 1583 952 1634 διὰ
987 1583 1195 1647 τούτους,
1235 1583 1342 1646 Χοῖς,
1383 1583 1458 1633 ἵνα
1498 1581 1563 1647 μὴ
1602 1585 1750 1633 διπλᾶ

222 1669 516 1722 κατάθωνται
554 1667 586 1720 ἃ
623 1671 706 1721 οὐκ
744 1669 974 1733 ἠδύναντο
1013 1669 1161 1732 ἁπλᾶ,
1200 1669 1424 1732 ἐπείσθην
1462 1665 1750 1735 ὑπογράψα-

222 1760 338 1807 σθαι
376 1754 462 1819 τὴν
501 1753 652 1822 ἀρχὴν
691 1753 776 1807 τὰς
815 1751 1103 1815 καταβολὰς,
1139 1754 1248 1819 παρ’
1289 1750 1352 1802 ὧν
1390 1750 1508 1815 μετὰ
1547 1750 1632 1814 μὲν
1667 1753 1750 1815 τῆς

223 1839 444 1905 ὑμετέρας
495 1840 672 1892 εὐνοίας
722 1837 1006 1906 ἀφικόμενος
1057 1836 1209 1903 με’ρος,
1255 1840 1293 1887 εἷ
1343 1839 1419 1887 καὶ
1470 1835 1535 1900 μὴ
1579 1834 1748 1898 πάντα,
1765 1861 1806 1883 20

222 1923 340 1976 ἰ’σως
378 1921 464 1973 Υἂν
497 1923 797 1986 κομισαίμην,
824 1921 950 1972 ὥστε
983 1920 1128 1986 μηδὲν
1163 1922 1452 1988 ἀσχημονεῖν
1486 1918 1541 1970 τὸ
1582 1917 1751 1969 λοιπὸν

223 2013 307 2059 τοῦ
345 2007 466 2070 βίου,
506 2005 563 2057 ἂν
602 2007 639 2056 δ’
677 2009 739 2059 ὡς
772 2010 813 2056 οἱ
847 2011 995 2056 ταῦτα
1036 2004 1255 2070 λέγοντες
1292 2004 1486 2072 ἀξιοῦσί
1519 2026 1577 2066 με
1611 2002 1750 2065 ἔλθω,

157 2112 207 2151 41
227 2091 325 2156 ἅμα
362 2091 553 2159 Ζάδοξίᾳ
593 2092 667 2141 καὶ
708 2090 882 2158 ἀπορίᾳ
928 2091 1003 2140 καὶ
1050 2087 1190 2158 φόβῳ
1232 2088 1506 2157 συνέξομαι.
1563 2086 1628 2137 ὧν
1667 2087 1745 2137 οῦ-

227 2175 303 2227 δὲν
341 2177 493 2239 ἢὺμεῖς
529 2174 892 2240 συλλογίζεσθε,
921 2172 1052 2223 ἀλλὰ
1089 2171 1313 2239 ῥημάτων
1343 2195 1422 2236 μοι
1459 2176 1534 2222 καὶ
1570 2175 1747 2239 φιλαν-

227 2260 434 2326 θρωπίας
475 2262 772 2327 φθονοῦντες,
799 2256 857 2308 ἂν
896 2260 1016 2309 οὕτω
1051 2257 1184 2325 τύχῃ,
1220 2258 1272 2307 δι’
1303 2258 1420 2320 ὑμᾶς
1459 2255 1752 2324 περιόψεσθε
1768 2282 1804 2313 25

226 2342 567 2406 ὒάπολόμενον·
609 2344 662 2393 οὐ
701 2342 794 2408 γὰρ
838 2340 895 2392 ἂν
938 2342 1146 2407 δεηθείην
1188 2342 1354 2392 ἄλλων
1398 2339 1426 2405 ἢ
1469 2342 1613 2403 ὑμῶν.
1678 2343 1754 2391 καὶ

226 2426 330 2478 τότε
364 2426 544 2496 φήσετε
577 2426 703 2478 δεινὰ
734 2427 1017 2478 πεπονθέναι
1050 2449 1121 2489 με,
1153 2427 1358 2492 ἀκριβῶς
1398 2422 1513 2488 οἶδα,
1543 2423 1618 2474 ὅτε
1657 2425 1750 2474 οὔτ’

228 2512 329 2575 ἐμοὶ
366 2510 516 2562 πλέον
551 2510 682 2561 οὐδὲν
718 2512 814 2562 οὔθ’
854 2512 960 2573 ὑμῖν
997 2511 1147 2561 ἔσται.
1204 2511 1258 2561 οὐ
1296 2509 1389 2576 γὰρ
1419 2508 1500 2573 οδὴ
1534 2507 1754 2576 χρήματά
1772 2518 1877 2571 1485

228 2600 274 2661 γ’
302 2593 419 2646 εἶναι’
441 2618 519 2658 μοι
545 2598 842 2660 προσδοκᾶτε
875 2594 966 2662 ἔξω
993 2598 1087 2645 τῶν
1113 2597 1343 2662 φανερῶν,
1371 2591 1435 2643 ὧν
1462 2592 1749 2661 ἀφίσταμαι.

285 2766 304 2793 q
332 2759 394 2805 μὴ]
420 2759 455 2793 δέ
481 2758 664 2804 adscripsit
691 2759 851 2792 librarius
878 2759 914 2792 in
941 2771 1052 2804 marg.
1075 2759 1110 2793 S.
1132 2771 1202 2804 quo
1229 2759 1313 2802 μηδὲ
1340 2757 1529 2803 legendum
1559 2767 1634 2789 esse
1661 2756 1752 2789 indi-

231 2818 341 2847 catur.
441 2818 455 2837 1'
475 2810 514 2845 ἄν
534 2813 666 2845 addidit
688 2813 881 2846 Bckkcrus.
978 2819 991 2838 S
1011 2812 1167 2858 περιιὼν]
1192 2813 1318 2857 περιὼν
1339 2811 1504 2849 B.S.Q.t.
1613 2808 1626 2833 t
1642 2808 1752 2854 ἀπαγ-

229 2866 409 2912 γελλεται]
434 2865 671 2910 ἀπαγγέλλετε
693 2866 734 2899 Β.
845 2871 865 2890 ¹¹
885 2866 924 2899 τὸ
945 2878 1015 2899 om.
1032 2866 1078 2904 Q.
1192 2871 1211 2890 Χ
1232 2863 1281 2900 οἷς
1301 2864 1435 2898 addidit
1451 2862 1661 2897 Schaefcrus.
1693 2862 1752 2906 ὑφ’

230 2917 277 2953 ὧν
296 2920 477 2954 addiderat
497 2919 672 2952 Reiskius.
829 2924 848 2952 Y
874 2917 914 2952 ἂν
934 2919 1138 2963 κομισαίμην
1157 2918 1333 2953 Reiskius.
1375 2914 1642 2960 ἀνακομισαίμην
1662 2915 1753 2948 libri.

231 2978 248 2997 Ζ
268 2972 387 3017 ἀδοξίᾳ
407 2974 460 3007 καὶ
479 2970 619 3017 ἀπορίᾳ]
640 2972 745 3017 αδυξα
765 2972 817 3006 καὶ
838 2986 948 3016 απορα
969 2973 1005 3007 S.
1028 2984 1126 3006 erasa
1145 2977 1226 3018 post
1246 2971 1356 3015 ἶίποριι
1376 2971 1475 3004 litera
1492 2984 1513 3003 ι.
1599 2973 1618 2993 a
1638 2967 1748 3014 ὑμεῖς]

233 3026 308 3069 ὑμῖν
328 3027 373 3065 Q.
451 3022 469 3050 b
490 3026 700 3069 ἀπολόμενον
722 3025 930 3060 Schaeserus.
964 3026 1164 3070 Legebatur
1183 3023 1428 3068 ἀπολούμενον.
1506 3028 1520 3046 ‘³
1542 3021 1581 3065 δὴ
1602 3033 1671 3055 om.
1689 3028 1714 3055 t.
