2009 3286
64 234 174 275 -13
190 232 250 276 15,
265 240 293 266 9.
673 226 817 263 ΠΡΟΣ
850 225 1224 264 ΕΎΒΟΎΛΙΔΗΝ.
1608 227 1719 270 1337

186 334 359 403 χρόνον
381 337 744 401 δημοτευόμενος
760 338 857 400 μετ’
878 338 990 400 ἐμοῦ
1011 340 1086 388 καὶ
1107 338 1424 404 κληρούμενος
1446 339 1577 389 οὐδὲν
1595 341 1714 406 ἑώρα

185 421 377 486 τούτων,
417 421 570 486 ἐπειδὴ
606 425 648 472 δ’
687 423 715 486 ἡ
759 421 899 475 πόλις
939 426 1076 473 πᾶσα
1114 427 1211 475 τοῖς
1248 424 1471 488 ἀσελγῶς
1512 430 1526 449 ³
1547 428 1705 476 εὶσπε-
1732 449 1767 469 ¹0

185 506 450 570 πηδηκόσιν
476 511 538 561 εἷς
576 506 683 560 τοὺς
718 506 892 570 δήμους
930 506 1203 572 ὀργιζομένη
1231 506 1550 575 ἴπαρώξυντο,
1576 531 1707 572 τηνι-

185 588 335 640 καῦτά
370 613 450 653 μοι
485 590 847 650 ἐπεβούλευσεν.
902 589 960 654 ἧν
994 592 1035 639 δ’
1063 591 1232 644 ἐκεῖνος
1265 590 1350 653 μὲν
1378 592 1402 640 ὁ
1429 592 1588 657 καιρὸς
1627 600 1709 644 τοῦ

185 671 452 727 συνειδότος
479 674 604 742 αὐτῷ
642 675 828 737 τάληθῆ
866 673 1033 738 λέγειν,
1061 674 1086 723 ὁ
1123 672 1171 723 δὲ
1207 675 1304 724 νυνὶ
1341 673 1505 740 παρὼν
1538 676 1708 741 ἐχθροῦ

119 767 172 821 63
187 759 261 808 καὶ
312 762 628 826 συκοφαντεῖν
676 759 983 822 βουλομένου.
1054 756 1147 823 ἐγὼ
1198 758 1252 820 δ’,
1294 756 1331 807 ὦ
1372 756 1537 824 ἄνδρες
1578 762 1758 817 Buca-15

185 842 311 903 σταὶ,
355 841 457 904 (καί
497 863 575 903 μοι
620 839 737 907 πρὸς
779 840 895 894 Διὸς
940 843 1014 891 καὶ
1065 845 1183 891 θεῶν
1233 843 1392 904 μηδεὶς
1443 841 1705 911 θορυβήσῃ,

184 926 290 989 μηδ’
329 926 400 993 ἐφ’
442 922 480 994 ᾧ
509 924 676 987 μέλλω
717 925 873 991 λέγειν
909 926 1145 993 ἀχθεσθῇ)
1190 926 1416 988 11ἐμαυτὸν
1454 927 1707 990 Ἀθηναῖον

186 1008 428 1077 ὑπείληφα
452 1007 616 1074 ὥσπερ
649 1010 778 1072 ὑμῶν
813 1009 1013 1063 ἕκαστος
1052 1009 1230 1072 ἑαυτὸν,
1256 1009 1433 1076 μητέρα
1471 1011 1528 1078 ἐξ
1559 1011 1706 1077 ἀρχῆς

185 1091 382 1158 νομίζων
420 1093 567 1159 ἥνπερ
606 1097 668 1147 εἷς
707 1095 825 1156 ὑμᾶς
866 1095 1130 1161 ἀποφαίνω,
1175 1096 1250 1144 καὶ
1295 1095 1381 1162 οὐχ
1424 1095 1581 1160 ἑτέρας
1621 1095 1707 1158 μέν

184 1174 263 1240 ὢν,
302 1177 473 1241 ταύτης
511 1176 558 1227 δὲ
593 1177 1014 1242 προσποιούμενος·
1047 1177 1227 1242 πατέρα
1265 1177 1426 1239 πάλιν,
1471 1176 1507 1227 ὦ
1542 1177 1760 1245 ἄνδρες-κο

117 1265 440 1325 64Ἀθηναΐοι,
467 1260 549 1312 τὸν
576 1261 718 1312 αὐτὸν
743 1261 934 1327 τρόπον.
978 1261 1127 1311 καίτοι
1153 1264 1189 1310 εἰ
1210 1266 1306 1315 τοῖς
1327 1262 1705 1330 ἐξελεγχομένοις

184 1343 249 1395 ὧν
274 1345 358 1409 μέν
385 1350 504 1396 εἰσιν
530 1345 973 1411 ἀποκρυπτομένοις,
1001 1343 1065 1395 ὧν
1092 1347 1133 1394 δ’
1162 1346 1245 1395 οῦκ
1280 1347 1371 1395 εἰσὶ
1406 1368 1699 1411 προσποιου-

182 1430 336 1493 μένοις
371 1431 548 1481 δίκαιον
579 1429 804 1497 ὑπάρχειν
833 1431 941 1496 παρ’
972 1431 1078 1493 ὑμῖν
1117 1435 1255 1479 τοῦτο
1282 1434 1478 1493 σημεῖον
1514 1432 1574 1482 ὡς
1613 1433 1703 1481 εἰσὶ

183 1513 321 1582 ξένοι,
361 1516 461 1577 ἐμοὶ
503 1513 653 1578 δήπου
694 1514 965 1564 τούναντίον
1007 1516 1068 1566 ὡς
1112 1515 1203 1577 εἰμὶ
1239 1514 1455 1577 πολίτης.
1511 1515 1564 1564 οὐ
1609 1514 1702 1581 γὰρ
1720 1539 1755 1567 25

182 1595 268 1647 Χᾶν
294 1598 461 1666 Υξένην
487 1600 563 1648 καὶ
595 1598 730 1666 ξένον
757 1597 863 1651 τοῦς
890 1599 1090 1661 ἐμαυτοῦ
1116 1596 1279 1662 γονέας
1318 1596 1703 1664 ἐπιγραψάμενος

183 1681 392 1748 μετέχειν
416 1683 579 1750 ἠξίουν
604 1686 686 1746 τῆς
720 1681 917 1736 πόλεως’
958 1683 1068 1732 ἀλλ’
1098 1682 1140 1732 εἴ
1160 1704 1205 1732 τι
1230 1686 1440 1732 τοιοῦτον
1467 1679 1701 1748 συνῄδειν,

182 1764 364 1830 ἐζήτησ’
392 1765 450 1817 ἂν
476 1765 540 1817 ὧν
568 1766 712 1835 φήσω
739 1767 914 1832 γονέων
944 1764 1075 1816 εἶναι.
1132 1767 1241 1816 ἀλλ’
1270 1766 1323 1816 οὐ
1349 1764 1582 1832 συνῄδειν,
1611 1765 1703 1817 διό-

183 1871 272 1913 περ
307 1849 460 1910 μένων
497 1851 571 1901 ἐπὶ
612 1855 707 1903 τοῖς
747 1851 855 1900 οὖσι
894 1850 1104 1903 Ζδικαίως
1141 1855 1360 1915 γονεῦσιν
1397 1851 1580 1918 ἐμαυτῷ
1623 1853 1705 1913 τῆς

182 1930 367 1986 πόλεως
393 1934 600 2002 μετέχειν
626 1934 759 2002 ἀξιῶ.
1725 1954 1770 1995 13
1787 1952 1829 1993 ¹5

115 2036 167 2090 65
250 2013 362 2067 ’Έτι
400 2020 555 2068 τοίνυν
599 2017 808 2086 ὀρφανὸς
839 2018 1169 2084 κατελείφθην,
1204 2019 1278 2067 καὶ
1295 2018 1445 2085 ’φασί
1474 2041 1531 2079 με
1560 2019 1700 2068 εὔπο-

181 2121 267 2164 ρον
294 2098 407 2150 εἶναι
434 2103 509 2151 καὶ
535 2105 630 2151 τῶν
656 2101 906 2168 μαρτύρων
932 2101 1076 2154 ἐνίους
1097 2100 1454 2168 ὠφελουμένους
1480 2124 1559 2164 μοι
1585 2125 1705 2168 μαρ-

181 2188 333 2248 τυρεῖν
371 2190 615 2250 συγγενεῖς
652 2183 778 2235 εἶναι.
838 2187 914 2235 καὶ
951 2183 1050 2247 ἅμα
1089 2184 1174 2247 μὲν
1216 2186 1313 2235 κατ’
1354 2186 1465 2247 ἐμοῦ
1507 2185 1703 2250 λέγουσι

182 2265 265 2318 τὰς
306 2269 356 2317 ἐκ
396 2271 478 2331 τῆς
524 2270 685 2322 πενίας
730 2269 920 2336 ἀδοξίας
967 2270 1042 2318 καὶ
1081 2270 1186 2334 περὶ
1227 2268 1280 2318 τὸ
1323 2268 1455 2333 γένος
1495 2269 1733 2328 διαβάλ-5

183 2358 369 2414 λουσιν,
411 2350 508 2415 ἅμα
550 2352 597 2403 δέ
641 2355 695 2403 δι’
737 2354 956 2419 εὐπορίαν
998 2355 1121 2420 φασὶ
1165 2351 1320 2403 πάντα
1361 2375 1418 2415 με
1463 2355 1698 2404 ὠνεῖσθαι.

118 2446 170 2486 66
184 2431 310 2484 ὥστε
347 2434 524 2500 πότερα
558 2434 649 2501 χρὴ
678 2436 831 2488 αὐτοῖς
870 2434 1140 2495 πιστεύειν;
1184 2434 1295 2502 ἐξῆν
1322 2434 1370 2484 δὲ
1405 2434 1554 2498 δήπου
1591 2436 1701 2486 τού-

183 2537 292 2577 τοις,
333 2519 398 2566 ἷἿῑεὶ
438 2515 573 2569 νόθος
612 2515 640 2580 ἢ
679 2517 810 2586 ξένος
844 2516 901 2581 ἧν
933 2516 1038 2582 ἐγὼ,
1078 2515 1417 2582 1’κληρονόμοις
1458 2516 1571 2567 εἶναι
1610 2524 1704 2568 τῶν

182 2599 306 2660 ἐμῶν
340 2598 546 2650 πάντων.
604 2599 682 2651 εἶθ’
720 2601 845 2651 οῦτοι
878 2599 1021 2666 μικρὰ
1054 2599 1317 2662 λαμβάνειν
1356 2603 1430 2650 καὶ
1466 2603 1697 2652 κινδυνεύ-

237 2799 251 2818 S
273 2795 577 2842 εἰσπεπηδηκόσιν]
603 2798 858 2841 εισπεπηδωσιν
879 2798 954 2841 (sic,
976 2810 1047 2831 non
1067 2797 1293 2840 εἷσπηδὼσιν)
1317 2797 1352 2828 S.
1447 2794 1460 2819 t
1480 2796 1696 2841 παρώξυντο]

182 2847 399 2893 παρωξύνετο
422 2849 551 2888 F.S..Q
685 2857 704 2876 U
725 2851 885 2897 ἐμαυτὸν]
911 2851 940 2884 εἷ
959 2851 1102 2894 ἐμαυτὸν
1125 2851 1252 2889 F.S.Q.
1392 2854 1410 2872 Χ
1431 2847 1470 2881 ἂν
1491 2850 1545 2881 1¹10
1566 2855 1599 2881 Gt
1621 2855 1701 2893 post

1271 2914 1309 2931 ΙΙΙ
1361 2914 1371 2931 Ι
1455 2913 1465 2930 Ι

182 2934 328 2978 ἐζήτησα
348 2935 369 2967 l.
394 2945 453 2980 27.
475 2948 544 2969 om.
567 2936 696 2975 F.S..Q
851 2944 867 2970 y
888 2939 985 2982 ξένην
1005 2938 1057 2971 καὶ
1077 2936 1191 2981 ξένον]
1217 2937 1312 2980 ξένον
1333 2914 1385 2970 κιαι
1406 2935 1502 2978 ξένην
1525 2935 1560 2968 S.
1604 2936 1700 2977 ξένον

181 2989 235 3021 καὶ
254 2989 351 3031 ξένον
371 2988 452 3030 (sie)
475 2990 516 3022 A.
629 2995 646 3013 Ζ
667 2988 799 3024 δικαίως
820 2991 977 3036 γονεῦσι]
1002 2993 1143 3035 γονεῦσι
1163 2990 1295 3023 δικαίως
1315 3001 1343 3022 r.
1456 2994 1475 3012 a
1500 2987 1546 3032 εἴ]
1573 2986 1590 3029 ἢ
1614 2988 1698 3026 SQ.

183 3037 202 3064 b
224 3041 462 3087 κληρονόμοις]
488 3043 715 3086 κληρονόμους
737 3043 775 3076 F.
