2009 3286
111 233 298 275 —1474‚
316 238 346 263 6.
820 227 1106 265 ΕΠΙΣΤΟΛΗ
1140 229 1183 265 Β.
1656 228 1768 271 1497

238 338 390 387 αὐτῶν
417 337 656 388 ἀπέδωκεν
690 339 797 400 ὑμῖν
828 338 1194 398 βουλεύσασθαι
1229 342 1297 407 τῷ
1331 338 1476 402 μηδὲν
1507 338 1769 402 ἀνήκεστον

239 422 543 489 ἱὶἐψηφίσθαι
581 423 684 487 περὶ
724 423 851 483 ἐμοῦ,
890 422 1093 471 σώσατέ
1124 445 1196 484 με,
1231 419 1268 472 ὦ
1307 422 1471 487 ἄνδρες
1509 423 1767 486 Ἀθηναῖοι,

174 515 228 554 24
240 508 315 554 καὶ
342 506 636 572 ψηφίσασθε
663 507 738 555 καὶ
766 505 897 566 ὑμῶν
922 506 1077 554 αὐτῶν
1104 505 1217 573 ἄξια
1242 507 1316 555 καὶ
1343 507 1470 568 ε’μοῦ.
1526 507 1595 556 ἐπ’
1619 507 1767 556 οὐδενὶ

238 587 333 653 γὰρ
369 592 462 638 τῶν
499 588 846 654 πεπραγμένων
878 587 1132 652 ἠδικηκότα
1170 611 1227 652 με
1267 588 1501 655 εὑρήσετε,
1537 590 1629 639 οὐδ’
1664 591 1762 640 ἐπι·
1785 614 1824 636 10

238 673 420 736 τήδειον
459 672 625 735 ἄτιμον
668 670 783 722 εἶναι
829 673 922 722 οὐδ’
966 673 1282 735 ἀπολωλέναι,
1322 672 1454 723 ἀλλὰ
1493 676 1568 722 καὶ
1609 674 1770 723 εὔνουν

238 761 305 825 τῷ
342 756 516 821 πλήθει
554 762 620 826 τῷ
658 757 862 826 ὑμετέρῳ
900 762 996 810 τοῖς
1040 755 1240 820 μάλισθ’
1283 757 1464 820 ὁμοίως,
1505 756 1580 806 ἵνα
1623 756 1770 819 μηδὲν

239 842 496 908 ἐπίφθονον
539 840 731 909 γράψω,
776 844 850 891 καὶ
897 846 1106 892 πλεῖστα
1150 840 1631 907 πεπραγματευμένον
1677 845 1772 891 τῶν

240 927 338 976 νυνὶ
370 925 555 991 ζώντων
586 925 699 991 ὑπὲρ
727 927 869 988 ὑμῶν,
897 928 972 976 καὶ
1004 925 1210 991 με’γιστα
1246 925 1520 992 ὑπάρχοντά
1555 948 1635 988 μοι
1671 927 1768 976 κατ’
1787 946 1824 979 15

242 1009 442 1073 ἐμαυτὸν
468 1010 699 1073 σύμβολα
725 1011 902 1063 εὐνοίας
928 1008 1046 1076 πρὸς
1074 1011 1207 1073 ὑμᾶς.

177 1100 228 1142 25
319 1097 499 1158 Μηδεὶς
532 1097 573 1144 δ’
603 1096 731 1157 ὑμῶν
765 1095 976 1159 ἡγείσθω
1011 1117 1082 1157 με,
1110 1091 1147 1144 ὦ
1182 1093 1347 1159 ἄνδρες
1373 1094 1629 1158 Ἀθηναῖοι,
1657 1094 1772 1158 μήτε

244 1178 469 1245 ἀνανδρίᾳ
495 1177 610 1241 μήτε
638 1178 769 1245 ἄλλῃ
795 1176 1040 1245 προφάσει
1067 1176 1258 1245 ι)φαυ’λῃ
1285 1180 1487 1246 μηδεμιᾷ
1513 1182 1626 1243 παρ’
1654 1177 1773 1242 ὅλην

243 1260 329 1324 τὴν
361 1260 621 1323 ἐπιστολὴν
653 1261 919 1326 ὀδύρεσθαι.
973 1260 1135 1311 εάλλά
1171 1266 1267 1314 τοῖς
1302 1266 1538 1327 παροῦσιν
1574 1262 1773 1316 ἕκαστος

242 1344 462 1413 ἀφθόνως
497 1347 678 1411 χρῆται,
711 1347 810 1408 ἐμοὶ
846 1344 894 1396 δὲ
930 1350 1078 1396 ταῦτα
1114 1351 1196 1396 νῦν
1230 1344 1474 1411 πάρεστιν,
1504 1348 1566 1399 ὡς
1599 1345 1770 1410 μήποτ’
1787 1372 1828 1394 20

241 1428 411 1496 ὤφελε,
458 1434 607 1479 λῦπαι
652 1430 727 1478 καὶ
773 1427 951 1494 δάκρυα
997 1431 1071 1479 καὶ
1122 1432 1205 1492 τῆς
1254 1430 1479 1495 πατρίδος
1524 1432 1599 1480 καὶ
1645 1432 1774 1492 ὑμῶν

241 1509 390 1563 πόθος
425 1512 499 1561 καὶ
535 1509 599 1560 ὧν
633 1511 849 1562 πέπονθα
882 1511 1130 1577 λογισμὸς,
1162 1511 1193 1561 ἃ
1222 1511 1379 1562 πάντα
1413 1516 1539 1563 ποιεῖ
1569 1536 1627 1575 με
1659 1512 1771 1563 ὀδύ-

242 1597 428 1660 ρεσθαι·
471 1591 502 1643 ἃ
535 1595 900 1648 ἐπισκοποῦντες
939 1595 1124 1648 δικαίως
1163 1596 1212 1645 ἐν
1249 1596 1397 1646 οὐδενὶ
1434 1600 1528 1646 τῶν
1565 1602 1771 1646 πεπολι-

242 1678 474 1742 τευμένων
501 1678 617 1744 ὑπὲρ
644 1679 773 1741 ὑμῶν
805 1679 908 1729 οὔτε
942 1680 1181 1742 μαλακίαν
1208 1681 1312 1730 οὔτε
1340 1680 1593 1746 ἀνανδρίαν
1619 1703 1774 1746 προσ-

244 1769 397 1813 οῦσαν
429 1761 655 1828 εὑρήσετέ
682 1786 778 1826 μοι.
1790 1783 1827 1814 25

183 1847 233 1888 26
325 1844 453 1912 Πρὸς
509 1846 594 1908 μὲν
646 1846 702 1910 δὴ
753 1845 933 1900 πάντας
985 1849 1103 1911 ὑμᾶς
1152 1853 1378 1898 τοσαῦτα·
1439 1848 1530 1916 ἰδία
1580 1847 1629 1898 δὲ
1679 1853 1775 1901 τοῖς

248 1931 348 1992 ἐμοὶ
379 1928 762 1995 προσκρούουσιν
792 1932 999 1981 ἐναντίον
1032 1933 1161 1994 ὑμῶν
1186 1931 1424 1994 βούλομαι
1449 1935 1770 1999 διαλεχθῆναι.

249 2011 344 2062 ὅσα
368 2011 452 2074 μὲν
472 2011 566 2077 γὰρ
586 2010 707 2066 (Ῑτοῖς
728 2015 805 2081 ὑφ’
826 2015 954 2077 ὑμῶν
974 2016 1275 2079 ἀγνοηθεῖσιν
1297 2016 1630 2080 ὑπηρετοῦντες
1650 2015 1775 2065 ἐποί-

249 2118 345 2155 ουν,
375 2094 499 2145 ε”στω
534 2096 588 2145 δι’
623 2097 738 2158 ὑμᾶς
775 2097 930 2149 αὐτοῖς
966 2102 1251 2164 πεπρᾶχθαι,
1287 2100 1362 2148 καὶ
1399 2097 1531 2149 οὐδὲν
1565 2100 1769 2162 ἐγκαλῶ.

249 2176 403 2241 ἐπειδὴ
437 2180 473 2228 δ’
502 2179 728 2244 ἐγνώκαθ’
758 2181 883 2243 ὑμεῖς
917 2179 991 2231 οἶα
1028 2186 1158 2231 ταῦτ’
1191 2183 1334 2243 ἐστὶν,
1367 2180 1446 2232 ἐὰν
1480 2180 1577 2244 μὲν,
1609 2179 1773 2249 ὥσπερ
1794 2202 1900 2245 1474

251 2262 365 2329 ὑπὲρ
403 2266 495 2314 τῶν
540 2268 719 2315 λοιπῶν
764 2265 891 2326 ἐῶσι,
933 2267 1008 2315 καὶ
1052 2267 1151 2329 ἐμοὶ
1197 2265 1574 2333 συγχωρήσωσι,
1618 2270 1774 2319 καλῶς

251 2346 585 2411 Εποιήσουσιν·“
615 2347 696 2398 ἐὰν
723 2349 761 2399 δ’
790 2348 1054 2416 ἐπηρεάζειν
1081 2352 1372 2417 ἐγχειρῶσιν,
1402 2352 1519 2413 ὑμᾶς
1545 2350 1662 2418 ἀξιῶ
1694 2374 1775 2413 μοι

250 2435 441 2494 βοηθεῖν
476 2430 686 2485 ἅπαντας
725 2434 801 2482 καὶ
838 2432 903 2497 μὴ
942 2434 1225 2500 κυριωτέραν
1262 2433 1348 2498 τὴν
1386 2434 1566 2485 τούτων
1600 2434 1805 2502 ε”χθρανε

251 2518 334 2579 τῆς
359 2517 467 2581 παρ’
497 2517 626 2579 ὑμῶν
652 2515 841 2584 χάριτός
867 2541 947 2581 μοι
972 2518 1207 2583 γενέσθαι.
1261 2517 1532 2586 εὐτυχεῖτε.ῐ

309 2701 327 2719 a
347 2695 562 2740 ἐψηφίσθαι]
586 2696 815 2740 ψηφίσασθαι
835 2703 860 2730 t.
941 2693 960 2721 b
981 2697 1100 2742 φαύλῃ
1121 2710 1190 2734 om.
1215 2698 1256 2731 B.
1344 2702 1360 2722 0
1379 2697 1486 2742 ἀλλὰ]
1512 2695 1589 2730 ἀλλ’
1611 2696 1630 2730 ἂ
1655 2698 1774 2736 B.Q.t.

255 2745 273 2771 ‘¹
294 2749 365 2782 τοῖς
385 2760 454 2781 om.
476 2754 501 2781 t.
589 2754 604 2772 e
625 2749 848 2795 ποιήσουσιν]
872 2749 1065 2794 ποιήσωσιν
1086 2752 1121 2786 S.
1210 2748 1225 2776 f
1244 2752 1286 2785 111
1308 2752 1342 2785 S.
1365 2751 1600 2796 subscriptum
1620 2751 1698 2796 περὶ
1718 2752 1776 2793 τῆς

255 2801 340 2836 ἰδίας
359 2801 514 2836 καθόδου.
545 2807 724 2836 ΗΗΔΠΙΙ.
