2009 3286
199 214 312 255 1418
728 211 1201 268 [ΔΗΜΟΣΘΕΝΟὙΣ]
1319 211 1402 251 On.
1425 210 1528 250 LX.
1551 224 1591 265 p.
1614 222 1737 264 1394,
1756 225 1852 252 17—

199 350 312 390 μως,
341 329 417 378 καὶ
442 328 646 391 σώματα
679 331 755 379 καὶ
787 326 1009 395 χρήματα
1041 328 1117 376 καὶ
1143 325 1440 391 συμμάχους,
1466 328 1529 376 εἷς
1562 327 1726 388 πεῖραν

200 409 352 474 ἦλθον
399 414 592 478 ἀγῶνος,
635 416 698 465 εἷς
747 410 801 462 ὃν
846 411 948 462 οὐδὲ
1000 413 1082 473 τῆς
1135 412 1295 477 ψυχῆς
1341 408 1606 476 ἐφείσαντο.
1672 406 1729 474 ἐξ

136 494 408 560 24ἀνάγκης
459 494 508 546 δὲ
559 496 823 559 συμβαίνει,
871 494 984 545 ὅταν
1034 491 1164 559 μάχη
1215 492 1448 556 γίγνηται,
1497 494 1593 543 τοῖς
1642 489 1727 553 μὲν

201 579 450 642 ἡττᾶσθαι,
485 584 581 632 τοῖς
621 578 671 630 δὲ
705 583 851 629 νικᾶν.
906 578 990 627 οὐκ
1025 574 1083 626 ἂν
1119 574 1370 638 ὀκνήσαιμι
1404 577 1444 625 δ’
1473 577 1614 624 εἰπεῖν
1654 573 1724 623 ὅτι
1739 596 1779 618 20

201 685 279 726 μοι
319 666 541 713 δοκοῦσιν
576 666 618 713 οἱ
657 666 963 713 τελευτῶντες
1004 660 1234 725 ἑκατέρων
1269 661 1317 709 ἐν
1356 657 1486 726 τάξει
1521 660 1603 720 τῆς
1642 656 1727 720 μὲν

201 746 343 811 ἥττης
383 748 436 797 οὐ
473 746 696 813 μετέχειν,
737 749 867 795 νικᾶν
907 743 955 793 δὲ
991 744 1160 806 ὁμοίως
1200 741 1493 810 ἱἀμφότεροι.
1551 740 1605 791 τὸ
1644 739 1729 803 μὲν

201 828 295 896 γὰρ
335 834 518 895 κρατεῖν
551 830 598 879 ἐν
629 832 725 881 τοῖς
760 827 916 893 ζῶσιν,
944 829 1006 879 ὡς
1041 824 1100 875 ἂν
1127 827 1151 875 ὁ
1178 826 1357 888 δαίμων
1381 828 1594 893 παραδῷ,
1620 825 1720 889 κρί-

202 932 343 965 νεται·
386 912 411 964 ὃ
451 914 489 963 δ’
531 916 593 965 εἷς
633 917 772 962 τοῦτο
810 911 1011 960 ἕκαστον
1049 910 1138 960 ἔδει
1172 908 1526 975 παρασχέσθαι,
1567 913 1660 961 πᾶς
1700 909 1778 963 525

200 998 353 1061 μένων
376 996 450 1047 ke'v
471 996 600 1064 τάξει
624 996 891 1058 πεποίηκεν.
935 998 972 1044 εἰ
999 993 1048 1044 δὲ
1069 992 1238 1057 θνητὸς
1258 993 1322 1043 ὧν
1341 992 1427 1056 τὴν
1449 992 1729 1057 εἱμαρμένην

202 1080 355 1147 1ε”ο-χε,
383 1083 442 1146 τῇ
468 1080 626 1146 11’τύχῃ
665 1078 867 1129 πέπονθε
906 1077 989 1127 ητὸ
1016 1082 1298 1141 συμβαῖνον,
1325 1078 1428 1143 οὐχὶ
1455 1076 1540 1139 τὴν
1565 1075 1731 1144 ψυχὴν

138 1183 189 1226 25
203 1166 395 1230 ἥττηται
420 1168 514 1214 τῶν
540 1162 773 1214 ἐναντίων.
827 1162 995 1227 νομίζω
1030 1163 1186 1212 τοίνυν
1221 1164 1296 1211 καὶ
1331 1167 1413 1211 τοῦ
1452 1163 1535 1223 τῆς
1572 1160 1730 1227 χώρας

201 1250 334 1312 ἡμῶν
359 1247 423 1311 μὴ
450 1249 667 1310 ἐπιβῆναι
706 1246 813 1299 τοὺς
850 1247 1108 1308 πολεμίους
1142 1245 1260 1311 πρὸς
1292 1249 1351 1312 τῇ
1389 1249 1484 1295 τῶν
1510 1246 1730 1295 ἐναντίων
1748 1266 1854 1310 1395

203 1332 521 1399 ἀγνωμοσύνῃ
560 1330 671 1395 Οτὴν
705 1329 885 1380 τούτων
911 1329 1081 1395 ἀρετὴν
1107 1331 1257 1380 αἰτίαν
1284 1331 1584 1394 γεγενῆσθαι·
1627 1329 1726 1378 κατ’

203 1417 351 1482 ἄνδρα
378 1414 471 1481 γὰρ
496 1420 661 1480 πεῖραν
689 1412 937 1482 εἰληφότες
964 1417 1005 1464 οἱ
1036 1413 1142 1464 τότε
1167 1413 1488 1481 συμμίξαντες
1523 1414 1617 1462 ἐκεῖ
1647 1413 1730 1463 οὐκ

203 1500 470 1565 ἠβούλοντο
514 1499 644 1551 αὖθις
696 1502 758 1551 εἷς
804 1499 966 1562 ἀγῶνα
1012 1497 1334 1547 καθίστασθαι
1379 1500 1500 1548 Ρτοῖς
1547 1495 1758 1547 ἐκείνων5

204 1583 399 1645 οἰκείοις,
445 1581 864 1644 ὑπολαμβάνοντες
908 1585 1008 1633 ταῖς
1052 1580 1136 1643 μὲν
1181 1579 1363 1646 φύσεσι
1407 1583 1507 1633 ταῖς
1552 1579 1730 1642 ὁμοίαις

207 1664 583 1730 ἀπαντήσεσθαι,
624 1665 799 1731 (ὶτύχην
837 1664 885 1714 δὲ
927 1665 1009 1714 οὐκ
1048 1664 1246 1729 εὔπορον
1291 1660 1405 1713 εἶναι
1443 1661 1530 1725 τὴν
1567 1663 1731 1725 ὁμοίαν

140 1758 194 1798 26
207 1755 391 1812 λαβεῖν.
447 1752 589 1814 δηλοῖ
620 1748 668 1799 δὲ
703 1750 789 1815 οὐχ
827 1749 1014 1812 ἥκιστα,
1050 1747 1120 1798 ὅτι
1160 1748 1310 1797 ι’ταῦθ
1339 1748 1485 1799 οὕτως
1524 1746 1631 1813 ἔχει,
1658 1745 1742 1795 καῖ

206 1834 266 1885 τὰ
291 1838 374 1897 τῆς
400 1834 645 1899 γεγονυίας
682 1831 876 1899 εἰρήνης·
917 1832 970 1881 οὐ
997 1830 1090 1896 γὰρ
1117 1829 1285 1881 8ἔνεστ’
1315 1834 1457 1880 εἰπεῖν
1483 1831 1575 1880 οὔτ’
1605 1831 1725 1892 άλη-

207 1918 435 1985 θεστέραν
462 1919 567 1968 οὔτε
592 1917 774 1967 καλλίω
800 1915 1048 1984 πρόφασιν
1074 1916 1088 1941 ¹²
1105 1920 1187 1965 τοῦ
1219 1916 1302 1977 τῆς
1333 1918 1428 1964 τῶν
1453 1920 1723 1977 τετελευτη-
1746 1939 1785 1962 ιο

207 2002 359 2054 κότων
384 2000 688 2067 11οἰγασθέντα
716 2002 882 2066 ἀρετῆς
907 1998 1018 2050 Χτὸν
1043 2002 1138 2049 τῶν
1161 1998 1381 2048 ἐναντίων
1401 1996 1559 2063 κύριον
1586 1998 1732 2063 φίλον

207 2087 429 2153 γενέσθαι
467 2091 562 2138 τοῖς
588 2086 797 2136 Υέκείνων
830 2084 1010 2137 οἰκείοις
1044 2081 1308 2142 βούλεσθαι
1342 2085 1535 2144 μᾶλλον
1569 2080 1597 2145 ὴ
1633 2081 1728 2133 πά·
1780 2110 1782 2113 ·

144 2189 193 2232 27
210 2178 288 2221 λιν
314 2170 396 2221 τὸν
423 2169 537 2234 ὑπὲρ
564 2173 658 2219 τῶν
685 2168 811 2218 ὅλων
838 2169 1050 2218 κίνδυνον
1076 2166 1330 2231 Ζὀίρασθαι.
1377 2163 1503 2228 οἶμαι
1530 2165 1568 2215 δ’
1598 2163 1669 2227 ἂν,
1696 2166 1738 2216 εἵ

209 2277 278 2308 τις
305 2252 470 2306 αὐτοὺς
496 2252 629 2305 ειτοὺς
655 2250 1074 2318 παραταξαμένους
1102 2247 1362 2314 ἐρωτήσειε,
1387 2248 1546 2313 πότερ’
1564 2249 1734 2313 ἡγοῦν-

210 2360 288 2387 ται
321 2341 422 2389 ταῖς
448 2337 602 2386 αὑτῶν
628 2336 809 2400 ἀρεταῖς
837 2332 865 2397 ἢ
897 2337 955 2400 τῇ
993 2330 1249 2399 παραδόξῳ
1284 2333 1359 2381 καὶ
1384 2336 1574 2399 χαλεπῇ
1613 2331 1732 2399 τύχῃ
1747 2362 1782 2393 15

211 2417 568 2484 κατωρθωκέναι
607 2419 682 2466 καὶ
722 2420 779 2482 τῇ
818 2422 902 2465 τοῦ
943 2414 1293 2480 προεστηκότος
1332 2417 1485 2465 αὐτῶν
1523 2416 1735 2484 ἐμπειρίᾳ

212 2503 288 2552 καὶ
314 2500 510 2567 1)τόλμῃ,
536 2500 700 2550 οὐδένα
726 2500 819 2549 οὔτ’
848 2499 1164 2564 ἀναίσχυντον
1189 2499 1291 2548 οὔτε
1323 2497 1564 2563 τολμηρὸν
1589 2500 1736 2552 οὕτως

269 2696 281 2725 i
299 2696 506 2743 ἀμφότεροι]
530 2696 738 2742 ἀμφοτέροις
760 2697 846 2734 RQ.
958 2693 978 2720 k
999 2696 1034 2729 ἐν
1053 2697 1146 2740 τάξει
1167 2708 1236 2729 om.
1260 2696 1295 2729 S.
1401 2693 1409 2721 l
1431 2695 1532 2741 ἔσχε]
1557 2696 1682 2739 ἔσχηκε
1702 2706 1733 2728 V.

214 2758 245 2777 m
264 2750 370 2796 τύχῃ]
395 2751 508 2795 ψυχῆι
530 2750 576 2786 Ο.
708 2758 725 2775 ¹¹
747 2749 803 2794 τὸ]
828 2764 860 2783 τι
880 2764 934 2794 γρ.
958 2749 1092 2787 F.Y.Q.
1205 2754 1223 2773 0
1243 2749 1303 2792 τὴν
1322 2760 1392 2782 om.
1413 2761 1445 2782 v.
1575 2754 1594 2781 P
1609 2750 1734 2782 τοῖς-

214 2803 364 2850 οἶκεῖοις]
388 2803 655 2838 τοῖς-οἷκείους
677 2803 712 2836 S.
744 2801 1019 2837 τοὺς-οἶκείους
1042 2802 1129 2840 RQ.
1270 2808 1289 2834 (1
1309 2801 1433 2847 τύχην]
1457 2802 1517 2845 τὴν
1537 2801 1656 2846 ψυχὴν
1675 2815 1732 2846 γρ.

215 2858 303 2896 F.Q.
432 2862 447 2881 ¹*
466 2855 577 2902 ταῦθ’]
601 2856 692 2890 τοῦθ’
716 2856 842 2890 Y.O.v.
977 2864 990 2881 ὃ
1011 2854 1119 2888 ἔνεστ’
1142 2855 1176 2888 S.
1211 2855 1343 2889 ἔνεστιν
1363 2855 1481 2900 vulgo.
1621 2852 1635 2878 t
1654 2853 1731 2898 τοῦ]

214 2913 292 2944 οὔτε
314 2911 382 2945 SN.
539 2915 559 2934 ¹¹
589 2908 800 2954 ἀγασθέντα]
825 2908 1036 2953 (ἷγασθέντσς
1057 2908 1144 2946 RQ.
1304 2914 1323 2932 Χ
1352 2909 1412 2941 τὸν
1430 2908 1514 2954 τῶν]
1540 2908 1579 2941 τὸ
1598 2910 1666 2940 τῶν
1687 2906 1732 2941 Ο.

215 2969 234 2996 y
254 2962 386 2997 ἐκείνων
405 2975 473 2997 om.
495 2975 526 2996 v.
548 2963 584 2996 in
606 2962 762 3007 margine
782 2962 888 2995 habet.
909 2961 952 2994 Y.
1025 2967 1041 2985 Z
1062 2959 1228 3005 ἅρασθαι]
1253 2961 1413 3006 (ιιρασθιιι
1435 2973 1486 3006 pr.
1506 2961 1541 2995 S.
1620 2965 1638 2984 a
1657 2959 1737 2993 τοὺς

216 3027 283 3049 om.
307 3016 434 3053 F.S.Q.
548 3012 567 3040 b
588 3014 716 3060 τόλμῃ]
742 3016 852 3058 τόλμῃ
874 3014 925 3047 καὶ
946 3014 1045 3058 ψυχῇ
1069 3014 1154 3052 RQ.
