2009 3286
88 185 270 235 —1428‚
289 204 319 229 9.
796 191 1083 229 ΠΡΟΟΙΜΙᾹ.
1623 185 1728 225 1451

208 299 356 365 ἔγωγε
396 303 517 352 οὕτω
544 300 737 370 σφόδρα
775 300 902 365 οἶμαι
933 306 1124 365 μᾶλλον
1152 301 1257 364 ὑμῖν
1284 299 1592 368 συμφέροντα
1619 301 1735 363 ε’ρεῖν
1752 324 1793 344 ιο

207 384 399 448 τούτων,
426 384 550 437 ὥστε
582 387 665 437 οὐκ
698 385 886 450 ὀκνήσω
921 385 1078 437 πάντα
1104 382 1135 434 ἃ
1159 383 1478 451 τυγχάνουσιν
1504 382 1734 449 εἰρηκότες

209 468 320 537 ἄξια
345 469 542 534 μηδενὸς
580 467 695 521 εἶναι
732 473 900 539 φῆσαι.
948 468 1116 535 νομίζω
1142 468 1191 519 δὲ
1226 471 1301 519 καὶ
1336 469 1454 532 ὑμᾶς
1491 469 1642 533 ὀρθῶς
1677 464 1736 516 ἂν

207 557 367 615 ποιεῖν,
419 557 457 604 εἰ
507 552 572 618 μὴ
622 553 705 604 τὸν
756 553 972 619 λέγοντα,
1019 551 1151 603 ἀλλὰ
1200 551 1260 603 τὰ
1311 551 1735 651 συμβουλευόμενα

209 641 474 688 (ἶσκοποῖτε.
530 641 602 688 δεῖ
635 660 742 704 γαρ,
777 635 814 687 ὠ
852 636 1017 703 ἄνδρες
1057 640 1316 699 Ἀθηναῖοι,
1343 636 1429 699 τὴν
1466 636 1576 701 παρ’
1606 636 1734 698 ὑμῶν

207 742 387 770 ευνοιαν
424 720 490 784 μή
528 743 669 783 τισιν,
709 719 874 787 ὥσπερ
911 721 962 771 ἐκ
996 743 1173 786 γενους,
1205 719 1335 770 ἀλλὰ
1376 723 1472 771 τοῖς
1510 717 1570 768 τὰ
1610 716 1725 777 βελ-
1751 742 1786 772 15

206 826 348 855 τιστα
375 806 443 855 ἀει
471 805 698 871 λέγουσιν
726 803 966 872 ὑπάρχειν

924 903 1011 950 ΙΔ.

280 986 577 1051 ΙΓΒουλοίμην
612 984 670 1036 ἂν
702 987 832 1050 ὑμᾶς,
860 982 896 1035 ὦ
923 985 1086 1051 ἄνδρες
1110 984 1367 1047 Ἀθηναῖοι,
1393 981 1732 1048 προσέχοντας,

206 1067 236 1120 ἃ
268 1070 434 1133 μέλλω
471 1070 641 1136 λέγειν,
666 1072 880 1121 ἀκοῦσαι·
925 1070 1000 1119 καὶ
1033 1067 1127 1134 γάρ
1162 1068 1294 1117 ἐστιν
1333 1067 1387 1116 οὐ
1427 1065 1584 1132 μικρά.
1640 1065 1732 1130 ἐγὼ

205 1153 426 1220 θαυμάζω
461 1156 509 1205 τί
545 1154 601 1218 δή
639 1176 767 1215 ποτε,
806 1155 918 1218 πρὶν
959 1151 1044 1215 μὲν
1085 1155 1148 1205 εἷς
1188 1150 1274 1214 τὴν
1313 1151 1572 1213 ἐκκλησίαν
1613 1152 1727 1200 ἀνα·
1748 1174 1789 1195 20

203 1241 358 1302 βῆναι,
399 1238 491 1307 ὅτῳ
529 1261 598 1293 τις
643 1238 701 1288 ἂν
735 1239 865 1301 ὑμῶν
901 1237 1108 1303 8ἐντύχῃ,
1153 1235 1308 1288 ῑοῦτος
1354 1234 1562 1299 εὐπόρως
1592 1237 1734 1283 εἰπεῖν

203 1322 296 1389 ε”χει
337 1324 392 1372 δι’
439 1321 504 1373 ὧν
542 1322 600 1373 ἂν
650 1321 708 1372 τὰ
752 1320 967 1387 παρόντα
1006 1318 1265 1385 πράγματα
1312 1318 1485 1377 βελτίω
1529 1318 1727 1382 γένοιτο·

202 1409 278 1456 καὶ
315 1405 464 1457 πάλιν
502 1406 667 1457 αὐτίκα
708 1405 764 1470 δὴ
804 1405 950 1469 μάλα,
985 1403 1065 1454 ἐὰν
1112 1402 1364 1466 ἀπέλθητε,
1409 1401 1581 1465 ὁμοίως
1620 1401 1729 1451 ἕκα-

203 1513 318 1544 στος
344 1492 439 1557 ἐρεῖ
459 1489 518 1540 τὰ
544 1490 720 1541 δέοντα·
762 1491 810 1539 ἐν
837 1488 884 1539 δὲ
919 1491 985 1556 τῷ
1019 1489 1125 1553 περὶ
1160 1486 1339 1537 τούτων
1365 1490 1562 1536 σκοπεῖν
1604 1484 1733 1539 ὄντες

203 1576 279 1625 καὶ
318 1573 671 1639 συνειλεγμένοι
709 1572 866 1624 πάντα
905 1577 1097 1635 μᾶλλον
1128 1569 1156 1634 ἢ
1192 1575 1340 1621 ταῦτα
1379 1567 1621 1634 λεγόντων
1656 1591 1726 1619 τι·
1747 1598 1784 1628 25

205 1662 297 1708 νῶν
339 1658 543 1709 ἀκούετε.
600 1655 692 1724 ἆρά
734 1680 800 1723 γε,
848 1655 884 1707 ὦ
929 1656 1091 1722 ἄνδρες
1135 1656 1392 1718 Ἀθηναῖοι,
1433 1658 1607 1716 γνῶναι
1648 1651 1733 1715 μὲν

206 1742 336 1792 ἔστιν
375 1742 563 1811 ἑκάστῳ
603 1742 663 1792 τὰ
701 1742 846 1792 δέονθ’
878 1743 1007 1803 ὑμῶν
1049 1742 1123 1790 καὶ
1160 1738 1220 1790 τὰ
1255 1744 1349 1789 τῶν
1390 1739 1557 1788 ἄλλων
1590 1741 1733 1788 εἰπεῖν

204 1827 467 1888 ἐπίσταται,
508 1831 655 1877 ποιῶν
701 1828 741 1875 δ’
792 1826 930 1878 αὐτὸς
981 1825 1180 1877 ἕκαστος
1227 1825 1346 1890 “mix
1397 1826 1590 1888 αἱρεῖται
1637 1823 1731 1889 ἰδίᾳ

203 1910 300 1974 μὲν,
328 1913 390 1964 ὡς
414 1910 505 1975 ἄρα
530 1909 669 1963 αὐτὸς
694 1916 714 1936 x
731 1910 923 1973 ἑτοίμως
954 1908 1013 1959 τὰ
1040 1908 1277 1968 βέλτιστα
1313 1906 1535 1972 πράττειν
1561 1905 1729 1974 δόξων,

202 1999 297 2048 τοῖς
343 1994 511 2048 ἄλλοις
552 1995 780 2057 ἐπιτιμᾶν,
822 1996 952 2060 κοινῇ
999 1993 1036 2043 δ’
1084 1993 1391 2052 εὐλαβεῖσθαι
1434 1989 1493 2040 τὰ
1537 1995 1854 2055 τοιαῦται428

202 2077 514 2146 ψηφίζεσθαι,
541 2078 595 2128 δι’
628 2075 693 2127 ὧν
728 2079 775 2127 ἐν
811 2080 878 2145 τῷ
913 2080 1202 2141 λειτουργεῖν
1228 2098 1273 2126 τι
1307 2078 1402 2125 τῶν
1428 2072 1730 2138 καθηκόντων

203 2159 405 2216 ἅπαντες
456 2161 658 2221 ε”σεσθες
707 2165 744 2211 εἰ
793 2160 879 2224 μὲν
929 2161 1084 2211 τοίνυν
1133 2159 1310 2223 μηδένα
1360 2156 1522 2223 καιρὸν
1573 2156 1727 2208 οἴεσθε

202 2246 344 2314 ἥξειν,
381 2245 432 2299 ὃς
471 2245 584 2296 ε’ίσω
623 2247 706 2308 τῆς
745 2245 973 2309 εἰρωνείας
1010 2243 1231 2311 ἀφίξεται
1265 2241 1452 2304 ταύτης,
1478 2244 1637 2293 καλῶς
1669 2239 1728 2291 ἂν

201 2330 298 2397 ε”χοι
324 2335 490 2380 τοῦτον
516 2328 598 2379 τὸν
623 2327 801 2394 τρόπον
827 2327 1015 2392 διάγειν·
1057 2330 1094 2377 εἰ
1127 2325 1176 2376 δὲ
1206 2325 1266 2376 τὰ
1290 2324 1550 2391 πράγματα
1589 2324 1726 2389 ὁρᾶτε
1740 2353 1756 2382 5

201 2413 434 2480 ἐγγυτέρω
471 2412 798 2479 προσάγοντα,
830 2415 902 2462 δεῖ
931 2414 1219 2461 σκοπεῖσθαι
1253 2409 1380 2462 ὅπως
1415 2408 1480 2471 μὴ
1514 2408 1725 2471 πλησίον

202 2499 357 2551 αὐτοῖς
382 2497 616 2564 μάχησθε,
643 2495 674 2547 ἂ
697 2495 941 2562 πόρρωθεν
966 2494 1125 2562 ἔξεστι
1161 2492 1489 2561 φυλάξασθαι,
1516 2493 1592 2542 καὶ
1618 2491 1726 2544 τοὺς

203 2587 285 2632 νῦν
335 2580 673 2648 περιοφθέντας
723 2578 1037 2647 ἐφηδομένους
1089 2578 1287 2642 ὕστερον
1336 2575 1497 2642 Υὲχητε
1548 2573 1616 2628 οἷς
1667 2574 1725 2624 ἂν

202 2663 434 2730 πάσχητε.

256 2832 275 2858 q
297 2823 476 2869 σκοποῖτε]
501 2824 660 2857 σκοπεῖτε
680 2835 711 2856 v.
834 2829 848 2847 Υ
869 2822 1080 2868 Βουλοίμην]
1104 2822 1294 2866 βουλοίμην
1313 2821 1426 2854 τοίνυν
1446 2819 1667 2858 F.S.Q.O.v.
1690 2826 1723 2853 et

203 2907 323 2940 margo
344 2895 385 2929 Y.
487 2898 501 2917 ⁵³
522 2891 661 2937 ἐντύχῃ]
685 2891 819 2937 ἐντύχοι
839 2905 871 2926 v.
954 2892 969 2917 t
989 2891 1107 2938 οὗτος]
1132 2881 1230 2925 offra·
1251 2890 1291 2923 F.
1323 2886 1428 2923 οὕτως
1449 2888 1528 2926 QN.
1621 2892 1641 2910 ¹¹
1660 2886 1724 2929 οὐχ

202 2950 343 2994 αἱρεῖται
363 2947 540 2981 Reiskius.
572 2945 772 2991 Legebatur
792 2945 831 2979 οὗ
846 2947 1025 2990 χαριεῖται.
1096 2951 1111 2967 Χ
1134 2942 1292 2988 ἑτοίμως]
1314 2941 1447 2985 ἕτοιμος
1463 2941 1502 2975 F.
1571 2945 1587 2969 Υ
1602 2938 1720 2984 ἔχητε]

203 3003 299 3046 ἐξητε
319 3015 375 3046 γρ.
399 2999 486 3037 S.Q.
