2009 3286
259 167 371 208 1440
792 165 1257 220 [AmlomssNOTE]
1370 165 1450 203 On.
1471 163 1602 204 LXI.
1626 178 1665 218 p.
1691 175 1762 214 141
1775 174 1812 214 7,
1829 178 1905 200 4—-

258 279 404 349 δόξαν
453 280 747 347 περιτιθέναι,
793 279 875 333 τὰς
923 279 971 330 δὲ
1018 278 1318 342 συμβουλίας
1368 281 1464 329 τοῖς
1514 279 1781 327 πεισθεῖσιν

257 364 491 433 ὠφέλειαν
530 366 605 415 καὶ
649 362 789 427 τιμὴν
830 362 1137 429 προσάπτειν·
1184 363 1260 412 καὶ
1298 359 1381 413 τὰς
1419 359 1503 422 μὲν
1542 362 1649 425 περὶ
1686 363 1809 411 τῶνΞ

257 448 425 498 ἄλλων
458 449 634 514 κρίσεις
669 447 754 511 τὴν
786 447 1028 510 αἴσθησιν,
1056 453 1071 471 ‘³
1088 444 1145 508 ἢν
1176 444 1357 511 ἔχομεν,
1385 445 1573 506 δηλοῦν,
1599 441 1683 496 τὰς
1708 440 1783 492 ἰδὲ

257 536 352 582 τῶν
387 530 764 595 ἐπιτηδευμάτων
798 531 997 596 αἱρέσεις
1035 528 1120 593 τὴν
1156 529 1274 592 ὅλην
1307 527 1456 594 φύσιν
1488 528 1619 591 ἡμῶν
1652 529 1779 577 δοκι-

257 614 428 681 μάζειν.
481 616 529 665 ἐν
563 614 630 668 οἷς
663 613 760 678 ἅμα
799 614 968 679 κρίνων
1008 611 1147 665 αὐτὸς
1185 609 1498 677 κριθήσεσθαι
1536 609 1784 676 προσδόκα

257 698 388 764 παρὰ
428 703 564 761 πᾶσι,
604 696 720 760 κάμὲ
759 696 841 747 τὸν
886 697 1032 748 οὕτως
1078 693 1443 760 ἐγκωμιάσαντά
1486 717 1545 743 σε
1590 695 1783 756 ἑτοίμως

191 786 244 839 65
259 783 307 832 ἐν
339 783 486 847 ἀγῶνι
521 780 811 846 γενήσεσθαι
851 783 933 843 τῆς
968 782 1061 842 σῆς
1096 778 1391 840 δοκιμασίας.
1446 779 1536 827 ἕδι’
1568 776 1597 827 ἃ
1628 781 1698 828 δεῖ
1726 778 1838 828 ‹56'10

258 864 343 915 11τε
377 869 471 915 τῶν
507 865 707 915 ἐπαίνων
743 863 878 931 ἄξιον
912 861 1025 913 εἶναι
1058 860 1264 930 δόξαντα
1290 858 1429 922 Ῐκάμὲ
1462 864 1544 924 τῆς
1577 865 1668 925 σῆς
1699 865 1779 930 φι-

259 950 366 1002 λίας
405 949 736 1012 ἀνεπιτίμητον
775 946 905 997 εἶναι.
962 947 1049 1013 οὐχ
1081 944 1233 996 1(οὕτω
1269 945 1305 994 δ’
1340 943 1398 992 ἄν
1437 967 1495 994 σε
1533 945 1786 1011 προθύμως

259 1034 334 1084 ἐπὶ
370 1031 456 1095 τὴν
491 1032 791 1099 φιλοσοφίαν
824 1028 1161 1095 1παρεκάλουν,
1195 1033 1233 1079 εἰ
1271 1027 1336 1093 μὴ
1371 1033 1455 1094 τῆς
1493 1029 1578 1093 μὲν
1613 1029 1788 1081 εὐνοίας

259 1119 343 1179 τῆς
387 1118 499 1179 ἐμῆς
542 1121 711 1166 τοῦτον
755 1114 812 1164 ἄν
858 1136 936 1164 σοι
989 1112 1256 1164 κάλλιστον
1303 1115 1468 1181 ἔρανον
1511 1116 1786 1178 εἰσενεγκεῖν
1802 1135 1837 1167 15

261 1198 408 1269 ᾤμην,
443 1199 529 1263 τὴν
566 1199 614 1250 δὲ
652 1198 796 1250 πόλιν
834 1198 991 1264 ἑώρων
1027 1196 1103 1248 διὰ
1140 1196 1226 1261 μὲν
1265 1199 1464 1265 ἀπορίαν
1498 1202 1593 1248 τῶν
1629 1201 1789 1247 καλῶν

261 1284 484 1348 κάγαθῶν
529 1285 713 1349 ἀνδρῶν
757 1287 853 1335 τοῖς
897 1287 1096 1348 τυχοῦσι
1139 1280 1376 1336 πολλάκις
1417 1281 1674 1349 χρωμένην,
1714 1279 1790 1330 διὰ

263 1366 311 1417 δὲ
352 1366 435 1420 τὰς
477 1367 655 1417 τούτων
697 1366 926 1431 ἁμαρτίας
968 1363 1112 1427 αὐτὴν
1153 1370 1253 1417 ταῖς
1293 1367 1541 1430 μεγίσταις
1580 1365 1789 1430 ἀτυχίαις

197 1466 249 1505 66
263 1450 655 1517 περιπίπτουσαν.
705 1450 758 1500 ἵν’
789 1450 870 1499 οὖν
904 1449 931 1511 ἡ
967 1446 1051 1510 μὲν
1085 1452 1166 1511 τῆς
1200 1451 1291 1512 σῆς
1322 1450 1500 1515 ἀρετῆς,
1528 1447 1592 1498 σὺ
1621 1448 1668 1498 δὲ
1694 1452 1789 1498 τῶν

263 1533 393 1600 παρὰ
425 1533 597 1597 ταύτης
633 1537 780 1597 τιμῶν
815 1531 1110 1598 ἀπολαύσῃς,
1137 1531 1490 1598 προθυμότερόν
1523 1554 1602 1582 σοι
1636 1554 1781 1597 παρε-
1801 1552 1842 1574 20

265 1617 577 1681 κελευσάμην.
647 1618 721 1667 καὶ
766 1615 859 1681 γὰρ
904 1617 996 1666 οὐδ’
1041 1617 1115 1666 ἐπὶ
1162 1619 1240 1666 σοὶ
1287 1616 1454 1682 νομίζω
1499 1615 1789 1682 γενήσεσθαι

265 1701 351 1767 ζῆν
378 1704 440 1754 ὡς
466 1701 640 1767 ἔτυχεν,
668 1698 798 1750 ἀλλὰ
824 1700 1116 1767 προστάξειν
1143 1721 1222 1750 σοι
1249 1700 1335 1764 τὴν
1360 1701 1504 1751 πόλιν
1529 1704 1623 1750 τῶν
1650 1700 1790 1762 αὐτῆς

265 1791 349 1834 ωτι
377 1787 571 1845 διοικεῖν,
599 1785 675 1834 καὶ
702 1783 803 1851 ὅσῳ
829 1782 914 1846 τὴν
941 1782 1091 1850 φύσιν
1118 1783 1491 1852 ἐπιφανεστέραν
1518 1784 1649 1851 ἔχεις,
1677 1805 1791 1832 τοσ-

267 1867 388 1935 ούτῳ
425 1866 647 1933 μειζόνων
680 1866 904 1935 ἀξιώσειν
940 1868 1014 1916 καὶ
1050 1870 1222 1917 θᾶττον
1253 1866 1587 1931 βουλήσεσθαι
1625 1864 1791 1930 πεῖράν

266 1957 396 2000 Πσου
427 1949 704 2013 λαμβάνειν.
760 1948 911 2000 καλὸν
943 1950 1024 1999 οῦν
1054 1950 1439 2015 παρεσκευάσθαι
1470 1949 1556 2014 τὴν
1583 1949 1788 2014 γνώμην,
1803 1974 1841 2006 25

267 2032 342 2083 ἵνα
368 2033 432 2097 μὴ
459 2033 565 2083 τότε
590 2036 897 2100 πλημμελῇς.

202 2123 251 2173 67
343 2116 415 2167 Τὸ
459 2116 543 2179 μὲν
589 2117 670 2167 οὖν
715 2117 826 2179 ἐμὸν
870 2115 927 2180 ἧν
970 2116 1107 2182 ἔργον
1150 2121 1292 2167 εἰπεῖν
1333 2116 1363 2167 ἅ
1408 2140 1487 2167 σοι
1532 2115 1792 2184 συμφέρειν

269 2200 471 2264 ἡγοῦμαι
509 2204 791 2265 πεπρᾶχθαι,
828 2199 955 2249 Οσὸν
992 2199 1039 2250 δὲ
1075 2200 1437 2260 βουλεύσασθαι
1475 2202 1580 2265 περὶ
1618 2200 1787 2249 αὐτῶν.

270 2283 501 2348 προσήκει
552 2282 600 2332 δὲ
652 2285 727 2332 καὶ
777 2282 884 2336 τοὺς
934 2283 1113 2336 ἄλλους
1163 2282 1269 2336 τοὺς
1320 2283 1569 2348 ζητοῦντας
1619 2284 1792 2336 οἰκείως

268 2364 387 2431 πρὸς
431 2365 488 2415 σὲ
534 2369 794 2415 διακεῖσθαι
840 2364 938 2428 Ι’μὴ
982 2365 1066 2418 τὰς
1112 2374 1131 2399 ‘¹
1146 2367 1447 2419 ἐπιπολαίους
1498 2366 1667 2429 ἡδονὰς
1715 2368 1789 2416 καὶ
1809 2370 1916 2424 1418

1383 2457 1397 2475 ι,

272 2447 514 2513 διατριβὰς
577 2449 782 2512 ἀγαπᾶν,
846 2450 951 2511 μηδ’
1011 2450 1085 2498 ἐπὶ
1148 2448 1319 2502 ταύτας
1422 2453 1789 2515 προκαλεῖσθαι,

273 2531 404 2582 ἀλλὰ
449 2535 724 2599 φιλοπονεῖν
770 2532 844 2580 καὶ
890 2536 1086 2581 σκοπεῖν
1138 2530 1264 2584 ὅπως
1314 2532 1395 2582 τὸν
1447 2531 1537 2582 σὸν
1581 2533 1687 2592 βίον
1731 2535 1793 2585 ὡς

328 2715 344 2734 ‘³
365 2708 420 2755 ἣν]
445 2710 505 2753 μὲν
525 2722 556 2743 v.
641 2707 656 2733 f
675 2710 711 2743 δὲ
731 2722 867 2744 erasum
887 2712 922 2744 in
945 2711 979 2745 S.
1056 2718 1076 2744 g
1096 2711 1137 2746 δι’
1158 2712 1177 2745 ἃ
1200 2713 1318 2751 S.Q.v.
1355 2714 1554 2758 Legebatux·
1574 2713 1638 2747 διὸ.
1715 2710 1734 2737 h
1755 2728 1792 2747 τε

273 2775 344 2797 om.
367 2763 440 2797 S.v.
461 2768 496 2797 et
515 2775 568 2808 pr.
587 2763 631 2798 Y.
706 2761 715 2787 5
736 2763 834 2809 κάμὲ]
860 2778 971 2807 καιεμε
994 2766 1028 2799 S.
1115 2762 1134 2788 k
1156 2764 1260 2811 οὕτω]
1286 2765 1392 2801 οὕτως
1414 2767 1449 2800 S.
1527 2764 1537 2790 Ῑ
1556 2766 1786 2811 παρεκάλουν]

273 2817 528 2860 παρεκαλοῦμεν
549 2816 679 2854 F.S.Q.
783 2822 813 2840 ¹¹¹
833 2831 865 2849 τι
886 2829 955 2850 om.
977 2830 1008 2850 v.
1121 2824 1139 2841 ¹¹
1160 2832 1224 2851 σου
1246 2831 1314 2853 0111.
1335 2832 1367 2853 V.
1391 2826 1424 2852 et
1445 2831 1497 2864 pr.
1517 2819 1560 2854 Y.
1667 2824 1685 2842 0
1706 2818 1786 2863 σὸν]

276 2882 360 2901 οσον
382 2869 416 2903 S.
489 2874 508 2901 P
528 2869 573 2912 μὴ
594 2881 698 2914 supra
717 2881 854 2903 versum
875 2882 895 2902 a
914 2882 959 2903 m.
983 2882 1033 2915 pr.
1054 2870 1090 2905 S.
1164 2879 1182 2906 (1
1203 2872 1438 2917 ἐπιπολαίους]
1463 2872 1649 2906 ἐπιπόλεως
1670 2883 1791 2916 margo

276 2920 367 2959 Y.Q.
479 2927 493 2945 Γ
512 2922 774 2967 προκαλεῖσθαι]
799 2923 1070 2967 προσκαλεῖσθαι
1092 2924 1134 2957 Ο.
