2009 3286
247 169 361 213 1492
777 169 1248 225 [ΔΗΜΟΣΘΕΝΟΎΣ]
1340 170 1493 210 Epm.
1512 170 1575 210 ΙΙ.
1599 185 1638 225 p.
1659 172 1779 222 1467,
1798 183 1894 212 17—

247 282 400 345 μένοις
439 280 482 351 ᾗ,
521 286 604 347 τῆς
649 285 811 348 ὁμοίας
854 290 1009 352 τυχεῖν
1053 285 1290 351 σωτηρίας
1328 289 1423 338 τοῖς
1463 289 1559 335 τῶν
1597 285 1769 347 ὁμοίων

247 371 407 418 αἰτιῶν
451 368 745 436 τετυχηκόσι,
792 373 866 420 καὶ
912 369 977 434 μὴ
1021 368 1163 433 μόνος
1208 370 1262 420 δι’
1305 370 1456 420 αἰτίαν
1493 371 1648 438 ψευδῆ
1687 371 1771 432 τῆς

248 453 472 518 πατρίδος
507 455 582 503 καὶ
618 458 712 504 τῶν
746 453 894 505 ὅντων
929 455 1004 506 καὶ
1042 457 1124 518 τῆς
1159 458 1254 505 τῶν
1289 452 1581 505 οἰκειοτάτων
1616 476 1765 519 συνη-

251 537 375 589 θείας
407 539 803 604 ἀποστερηθῆναι.
1784 560 1825 583 ²0

210 633 234 674 3
327 619 533 675 Εἰκότως
561 622 599 672 δ’
625 620 682 672 ἂν
709 624 829 686 ὑμῖν,
856 620 892 672 ὦ
918 623 1081 689 ἄνδρες
1109 627 1364 687 Ἀθηναῖοι,
1391 622 1527 686 μέλοι
1553 624 1634 685 τῆς
1661 622 1774 685 ε’μῆς

250 706 501 772 σωτηρίας,
541 706 594 756 οὐ
637 705 782 770 μόνον
821 706 942 757 κατὰ
978 713 1117 758 τοῦτο
1163 707 1233 757 ὅτι
1272 705 1405 758 οὐδὲν
1447 708 1564 771 ὑμᾶς
1602 707 1896 764 ἀδικῶνι468

250 795 272 814 ¹¹
288 787 414 839 δεινὰ
445 789 672 851 πέπονθα,
700 789 830 840 ἀλλὰ
861 792 937 841 καὶ
971 793 1053 854 τῆς
1088 790 1218 856 παρὰ
1254 795 1350 844 τοῖς
1386 791 1554 843 ἄλλοις
1587 789 1770 856 ἀνθρώ-

252 896 357 927 ποις
396 874 510 924 ἕνεκ’
545 874 769 943 εὐδοξίας,
831 875 896 940 μὴ
935 875 1040 943 γὰρ,
1078 879 1116 927 εὶ
1155 878 1314 940 μηδεὶς
1353 877 1470 939 ὑμᾶς
1508 874 1774 939 ἀναμιμνή-

253 980 359 1008 σκει
397 957 505 1011 τοὺς
542 957 741 1026 χρόνους
778 959 895 1025 μηδὲ
933 959 1041 1015 τοὺς
1079 959 1264 1027 καιροὺς
1303 962 1352 1010 ἐν
1389 958 1456 1013 οἷς
1493 958 1554 1010 τὰ
1590 958 1775 1024 μέγιστ’

212 1041 346 1108 4ἐγὼ
371 1042 606 1110 χρήσιμος
631 1042 688 1108 ἦν
714 1049 772 1111 τῇ
802 1043 954 1107 πόλει,
980 1043 1088 1098 τοὺς
1119 1045 1299 1098 ἄλλους
1317 1043 1567 1103 ’Έλληνας
1592 1044 1806 1108 ἀγνοεῖν5

256 1126 456 1192 νομίζετε
501 1130 610 1192 μηδ’
651 1132 964 1192 ἐπιλελῆσθαι
1008 1134 1102 1180 τῶν
1143 1131 1243 1193 ἐμοὶ
1281 1128 1625 1195 πεπραγμένων
1664 1125 1779 1193 ὑπὲρ

257 1213 400 1275 ὑμῶν,
427 1211 458 1262 ἃ
489 1212 581 1277 ἐγὼ
609 1215 736 1263 δυοῖν
773 1213 904 1264 ἕνεκα
940 1219 1021 1264 νῦν
1054 1215 1174 1264 ὀκνῶ
1201 1213 1402 1281 γράφειν
1434 1213 1534 1264 καθ’
1564 1212 1780 1273 ἕκαστον,

257 1295 357 1349 ἑνὸς
389 1295 487 1360 μὲν,
514 1296 596 1347 τὸν
623 1296 803 1365 φθόνον
831 1296 1003 1360 δεδιὼς,
1030 1296 1148 1364 πρὸς
1175 1296 1227 1348 ὃν
1255 1298 1386 1349 οὐδέν
1411 1298 1514 1348 ἐστι
1539 1297 1781 1362 προῦργου

257 1382 442 1445 τάληθῆ
479 1381 646 1446 λέγειν,
679 1382 834 1448 ἑτέρου
870 1383 924 1444 δ’,
963 1382 1032 1432 ὅτι
1070 1381 1235 1433 πολλὰ
1274 1383 1350 1432 καὶ
1389 1381 1560 1450 ἀνάξια
1596 1381 1781 1431 ἐκείνων

258 1464 334 1516 διὰ
358 1464 444 1529 τὴν
470 1470 564 1516 τῶν
590 1466 757 1516 ἄλλων
782 1466 1035 1530 “Ελλήνων
1068 1467 1233 1517 κακίαν
1267 1472 1348 1517 νῦν
1379 1465 1601 1532 πράττειν
1627 1467 1777 1531 ἀναγ-
1797 1486 1834 1508 10

216 1548 506 1616 5καζόμεθα.
568 1552 616 1600 ἐν
654 1551 900 1620 κεφαλαίῳ
939 1550 987 1601 δὲ
1025 1552 1193 1602 τοιαῦτ’
1230 1552 1360 1601 ἐστὶν
1399 1552 1467 1619 ἐφ’
1502 1549 1568 1602 οἷς
1607 1550 1776 1618 ἐξητα-

259 1634 403 1700 ζόμην
431 1633 544 1700 ὑπὲρ
572 1636 700 1698 ὑμῶν
726 1634 832 1699 ἐγὼ,
861 1632 976 1685 ὥσθ’
1007 1636 1124 1698 ὑμᾶς
1149 1634 1234 1698 μὲν
1259 1635 1329 1685 ἐπ’
1359 1635 1514 1688 αὐτοῖς
1541 1632 1630 1685 ὑπὸ
1656 1632 1780 1684 πάν-

257 1741 352 1769 των
372 1717 646 1783 ζηλοῦσθαι,
669 1720 767 1781 ἐμοὶ
793 1721 829 1770 δ’
850 1721 1020 1770 ἐλπίδα
1046 1724 1140 1770 τῶν
1165 1720 1404 1783 μεγίστων
1425 1721 1610 1785 δωρεῶν
1628 1739 1783 1784 προσ-

259 1806 491 1853 δοκᾶσθαι
528 1805 636 1870 παρ’
672 1805 817 1867 ὑμῶν.
873 1807 956 1868 τῆς
995 1803 1043 1855 δὲ
1080 1805 1337 1870 ἀναγκαίας
1375 1803 1473 1867 μὲν,
1509 1802 1834 1867 ἀγνώμονοςῐε

260 1887 308 1938 δὲ
339 1887 483 1955 τύχης
515 1889 602 1956 οὐχ
629 1890 691 1942 ὡς
718 1889 894 1940 δίκαιον
920 1896 939 1915 x
956 1887 1026 1952 ἧν,
1055 1890 1167 1939 ἀλλ’
1196 1891 1259 1942 ὡς
1292 1887 1531 1951 ἐβούλετο,
1558 1886 1784 1953 κρινάσης

260 1970 343 2022 τὸν
381 1971 495 2038 ὑπὲρ
529 1975 611 2036 τῆς
649 1977 743 2023 τῶν
774 1972 1027 2037 Ἑλλήνων
1066 1972 1328 2040 ἐλευθερίας
1363 1974 1539 2039 ἀγῶνα,
1572 1970 1625 2022 ὃν
1661 1972 1786 2035 ὑμεῖς

223 2055 582 2122 6ἠγωνίσασθε,
611 2055 715 2107 οὐδὲ
741 2057 789 2107 ἐν
816 2062 911 2110 τοῖς
936 2055 1055 2120 μετὰ
1080 2063 1228 2108 ταῦτα
1254 2055 1439 2124 χρόνοις
1465 2056 1679 2119 ἀπέστην
1704 2057 1787 2118 τῆς

262 2143 326 2193 εἰς
365 2140 483 2203 ὑμᾶς
521 2140 711 2203 εὐνοίας,
746 2141 838 2191 οὐδ’
876 2139 1253 2209 ἀντηλλαξάμην
1291 2143 1393 2192 ἀντὶ
1431 2139 1602 2202 ταύτης
1640 2137 1785 2201 οὐδὲν,

263 2224 318 2274 οὐ
356 2223 507 2291 χάριν,
548 2225 629 2275 οὐκ
667 2225 874 2287 ἐλπίδας,
915 2225 969 2275 οὐ
1012 2230 1236 2287 πλοῦτον,
1276 2226 1329 2275 οὐ
1370 2225 1663 2285 δυναστείαν,
1703 2223 1786 2273 οὐκ
1800 2247 1841 2268 20

265 2307 549 2375 ἀσφάλειαν.
619 2309 767 2359 καίτοι
810 2309 966 2360 πάντα
1010 2310 1139 2360 ταῦθ’
1181 2309 1338 2376 ἑώρων
1380 2309 1653 2376 ὑπάρχοντα
1691 2312 1788 2361 τοῖς

228 2407 249 2450 7
267 2392 367 2442 καθ’
398 2392 526 2455 ὑμῶν
552 2393 856 2455 βουλομένοις
882 2392 1233 2444 πολιτεύεσθαι.
1283 2392 1340 2444 y&
1367 2392 1429 2456 δὲ,
1457 2398 1658 2444 πολλῶν
1684 2391 1788 2443 ²51!-

267 2498 362 2526 των
400 2477 475 2525 καὶ
513 2474 738 2540 μεγάλων
775 2478 847 2544 ἐφ’
881 2475 948 2530 οἷς
983 2476 1168 2553 εἷκᾷτως
1203 2477 1448 2545 ἐπέρχεταί
1482 2500 1562 2541 μοι
1599 2499 1783 2542 παρρη-

268 2559 529 2625 σιάζεσθαι,
567 2559 795 2624 μέγιστον
832 2561 1058 2627 ἡγούμην,
1095 2563 1178 2612 οὐκ
1217 2560 1406 2625 ὀκνήσω
1444 2560 1630 2629 γράψαι
1669 2558 1787 2625 πρὸς
1802 2587 1840 2617 25

271 2645 401 2706 ὑμᾶς,
428 2642 498 2693 ὅτι
525 2644 573 2692 ἐν
598 2642 770 2694 ἅπαντι
799 2647 865 2712 τῷ
891 2648 1021 2695 αἰῶνι
1046 2649 1141 2695 τῶν
1170 2644 1585 2709 μνημονευομένων
1611 2642 1791 2708 ἀνθρώ-

269 2751 373 2779 πων
418 2725 683 2778 δεινοτάτου
727 2727 1039 2792 γεγενημένου
1085 2729 1328 2780 Φιλίππου
1379 2730 1454 2779 καὶ
1505 2729 1558 2778 δι’
1607 2726 1793 2790 ὁμιλίας

328 2897 348 2916 ¹¹
369 2891 460 2926 δεινὰ
480 2893 629 2927 codices.
659 2895 797 2927 τοιαῦτα
817 2893 935 2939 vulgo.
1021 2899 1040 2918 X
1061 2893 1100 2937 ἧν
1119 2907 1189 2928 om.
1210 2900 1236 2928 t.
1321 2899 1339 2927 Y
1359 2892 1378 2927 ὃ
1397 2893 1451 2939 δέ]
1475 2894 1553 2927 οὐδὲ
1575 2894 1617 2928 Β.
1639 2893 1675 2927 in
1695 2898 1793 2939 parte

1182 2955 1199 2974 Η
1306 2955 1335 2974 ΙΙΙ
1415 2955 1433 2974 ΙΙ

276 2990 295 3011 a
314 2990 361 3013 m.
383 2990 450 3013 ree.
472 2980 645 3025 suppleta.
729 2985 746 3004 Ζ
767 2978 873 3015 ὅντων
892 2981 945 3016 καὶ
963 2980 1138 3027 μεγάλων]
1162 2995 1214 3016 και
1233 2982 1391 3027 μεγαλων
1410 2994 1515 3015 οντων
1537 2980 1572 3015 S.
