2009 3286
284 198 396 238 1188
799 199 1264 254 [ΔΗΜΟΣΘΕΝΟὙΣ]
1338 200 1420 240 οη.
1441 199 1639 240 XLVII.
1662 214 1703 254 p.
1723 213 1739 239 1
1754 200 1958 249 162,13—-

284 311 575 378 Χέπήγγειλα
613 314 739 382 αὐτῷ
776 313 1070 376 κομίσασθαι
1111 311 1196 376 τὴν
1235 313 1381 377 δίκην,
1420 311 1573 362 ἐλθών
1612 335 1703 374 μου
1744 312 1804 363 τά

283 418 333 446 τε
371 396 517 461 σκεύη
556 399 632 447 καὶ
668 396 776 450 τοὺς
812 397 990 450 οἰκέτας
1028 399 1102 447 καὶ
1140 396 1199 447 τὰ
1236 395 1458 463 πρόβατα
1492 397 1665 457 ἔλαβεν
1699 398 1801 447 ἀντὶ

282 485 365 530 τοῦ
392 482 670 541 ἀπολαβεῖν.
725 485 922 546 γεωργῶ
953 479 1000 530 δὲ
1027 479 1146 546 πρὸς
1171 484 1238 549 τῷ
1272 479 1563 549 ἱπποδρόμῳ,
1589 479 1713 530 ὥστε
1748 480 1853 530 01315

216 579 268 632 96
282 562 444 630 πόρρω
480 564 568 614 ε”δει
594 563 735 614 αὐτὸν
769 566 937 614 ἐλθεῖν.
1004 563 1074 614 ὅτι
1108 564 1145 614 δ’
1174 565 1330 627 ἀληθῆ
1365 563 1504 629 λέγω,
1541 563 1662 628 μέγα
1700 586 1796 614 τεκ-

281 647 448 713 μήριον
476 649 582 711 ὑμῖν
609 647 748 698 ἔστω·
790 652 848 714 τῇ
884 647 1108 715 ὑστεραίᾳ
1144 646 1236 712 γὰρ
1275 647 1530 710 ἐκομίσατο
1564 645 1618 696 τὸ
1649 645 1799 712 ἀργύ-

280 753 383 796 ριον
419 734 503 794 τῆς
542 731 668 795 δίκης
704 730 732 795 ἢ
767 730 826 781 τὰ
865 732 1056 798 ἐνέχυρα
1096 730 1283 790 ἔλαβεν.
1345 730 1494 780 καίτοι
1525 734 1625 783 πῶς
1659 728 1730 792 ἂν,
1765 733 1802 779 εἱ

281 813 346 878 μὴ
380 815 725 881 πεπορισμένος
765 813 836 878 ἧν,
871 814 1003 867 εὐθὺς
1043 812 1258 874 ἀπέλαβε
1291 813 1344 864 τὸ
1385 813 1607 880 ἀργύριον
1645 814 1801 880 χιλίας·
1815 837 1856 859 20

281 900 582 964 Υτριακοσίας
623 901 880 964 Ζδεκατρεῖς
925 898 994 949 δύ’
1038 898 1231 959 ὀβολώ;
1275 900 1349 949 καὶ
1394 897 1453 948 τὰ
1495 896 1686 964 ἐνέχυρά
1723 920 1802 960 μοι

282 982 364 1032 οὑκ
390 983 621 1044 ἀπεδίδου,
650 983 759 1031 ἀλλ’
789 982 854 1032 ἔτι
893 984 969 1032 καὶ
1003 988 1085 1032 νῦν
1112 982 1204 1048 ἕχει
1231 983 1292 1034 ὡς
1328 981 1617 1047 ὑπερημέρου
1648 980 1797 1034 ὄντος.

283 1064 353 1115 ὅτι
380 1066 417 1114 δ’
447 1067 527 1116 οὐκ
563 1065 620 1129 ἧν
646 1066 771 1134 αὐτῷ
811 1064 1110 1131 ὑπερήμερος,
1138 1064 1380 1129 ἀνάγνωθί
1409 1088 1489 1128 μοι
1520 1063 1627 1114 ἢτὸν
1660 1062 1803 1127 νόμον

282 1150 358 1198 καὶ
393 1148 478 1211 τὴν
511 1150 783 1215 μαρτυρίαν,
811 1148 861 1201 ὃς
899 1148 1075 1199 κελεύει
1114 1148 1248 1214 κύρια
1286 1147 1400 1199 εἶναι
1426 1148 1451 1198 ὅ
1486 1171 1530 1198 τι
1565 1146 1623 1197 ἂν
1649 1148 1802 1212 ἕτερος

282 1232 421 1301 ἑτέρῳ
448 1232 742 1299 ὁμολογήσῃ,
771 1231 896 1282 ὥστε
922 1231 1071 1282 οὐκέτι
1096 1229 1153 1294 ἧν
1173 1232 1298 1300 αὐτῷ
1325 1230 1474 1295 δήπου
1495 1231 1796 1297 ὑπερήμερος.
1815 1251 1853 1282 ²5

214 1345 266 1387 97
745 1331 968 1371 NOMOE.
1029 1330 1335 1370 MAPTTPIA.

354 1402 439 1454 Ὠς
488 1400 572 1462 μὲν
617 1401 772 1451 τοίνυν
814 1400 1100 1466 ὡμολόγησε
1151 1403 1226 1451 καὶ
1272 1400 1529 1461 ἀνεβάλετό
1571 1400 1676 1465 ἱ’μοι
1716 1400 1802 1464 τὴν

281 1485 604 1549 ὑπερημερίαν,
643 1483 991 1550 μεμαρτύρηται
1033 1486 1157 1547 ὑμῖν·
1200 1487 1262 1537 ὡς
1300 1483 1348 1534 δὲ
1390 1484 1736 1551 ἐτριηράρχουν,
1776 1487 1801 1535 ὁ

280 1567 654 1635 συντριήραρχός
679 1590 757 1631 μοι
784 1567 1121 1634 μεμαρτύρηκε,
1149 1569 1223 1618 καὶ
1259 1570 1320 1621 ὡς
1356 1568 1384 1631 ἡ
1421 1573 1531 1621 ναῦς
1565 1575 1795 1633 0στρατη·
1820 1575 1924 1627 1163

1262 1651 1278 1678 d

282 1652 355 1714 γὶς
382 1650 740 1715 κατεσκευάσθη
766 1650 1062 1719 Ἀλκιμάχῳ.
1119 1649 1232 1701 ὥστ’
1291 1652 1439 1702 οὐκέτι
1471 1651 1528 1715 ἦν
1555 1653 1679 1721 αὐτῷ
1713 1652 1796 1716 δή-

281 1753 373 1782 που
414 1730 700 1798 ὑπερήμερος
743 1733 1118 1801 Θάναβαλομένῳ
1155 1756 1246 1796 μοι,
1288 1734 1354 1783 ε”τι
1395 1732 1443 1784 δὲ
1481 1736 1555 1784 καὶ
1592 1734 1797 1783 ἐκτίνων.

213 1827 265 1881 98
282 1814 412 1864 ἀλλὰ
445 1814 568 1879 δεινὴ
604 1818 631 1879 ἡ
663 1816 916 1883 πλεονεξία
953 1821 1036 1865 τοῦ
1072 1815 1261 1881 τρόπου,
1297 1814 1333 1865 ὦ
1371 1816 1533 1882 ἄνδρες
1569 1819 1800 1879 δικασταὶ,

279 1901 384 1964 περὶ
422 1898 476 1949 τὸ
517 1899 681 1950 ῐπλέον
723 1901 797 1949 καὶ
831 1898 885 1949 τὸ
928 1899 1142 1949 ἔλαττον.
1210 1901 1285 1949 καὶ
1323 1900 1372 1950 εὖ
1412 1898 1591 1967 ᾔδεσαν
1637 1899 1722 1962 ὅτι,
1763 1903 1830 1951 εἷ5

279 1981 364 2045 μὲν
390 1982 474 2045 τὴν
500 1982 751 2048 ἄνθρωπον
775 1982 1163 2048 παραδώσουσιν,
1190 1982 1621 2050 ἐξελεγχθήσονται
1646 1985 1800 2051 ψευδῆ

279 2065 634 2130 ἐγκαλέσαντες,
675 2070 712 2116 εἰ
755 2065 802 2116 δὲ
834 2064 899 2129 μὴ
942 2064 1343 2130 ἕπαραδώσουσιν
1380 2065 1438 2128 ἣν
1469 2066 1801 2131 ἐμαρτύρησαν

281 2150 343 2201 ὡς
369 2148 388 2174 ¹³
399 2149 531 2202 οὗτος
558 2149 698 2211 ἤθελε
723 2148 1042 2214 παραδιδόναι,
1069 2151 1488 2216 ψευδομαρτυριῶν
1513 2149 1796 2200 ἁλώσονται.

214 2254 266 2293 99
282 2231 441 2293 δέομαι
480 2233 518 2280 δ’
557 2234 697 2294 ὑμῶν,
731 2230 767 2281 ὦ
804 2232 966 2296 ἄνδρες
1004 2234 1234 2293 δικασταὶ,
1267 2232 1309 2281 εἴ
1338 2255 1407 2284 τις
1443 2233 1533 2298 ἄρα
1567 2238 1662 2283 τῶν
1695 2232 1799 2284 τότε
1816 2259 1854 2280 10

283 2314 560 2380 δικαζόντων
598 2314 819 2381 τυγχάνει
858 2313 922 2364 ὧν
965 2317 1012 2364 ἐν
1057 2318 1122 2382 τῷ
1169 2317 1468 2384 δικαστηρίῳ,
1507 2322 1602 2369 τοῖς
1647 2318 1801 2371 αὐτοῖς

283 2397 560 2463 χρήσασθαι
598 2398 754 2447 ἔθεσιν
779 2397 948 2463 οἷσπερ
982 2400 1056 2448 καὶ
1094 2397 1212 2459 τότε,
1242 2401 1315 2447 καὶ
1342 2402 1378 2447 εἱ
1405 2398 1489 2460 μὲν
1515 2400 1542 2461 ἡ
1570 2401 1802 2465 μαρτυρία

340 2570 356 2588 Χ
388 2563 574 2609 ἐπήγγειλα
602 2578 657 2609 γρ.
689 2565 775 2603 RQ.
819 2565 982 2608 ἐπείσθην
1012 2566 1143 2605 F.S.Q.
1195 2566 1300 2601 Conf.
1332 2579 1366 2612 p.
1392 2573 1506 2613 1159,
1534 2565 1591 2600 16.
1630 2566 1741 2611 1164,
1763 2566 1799 2600 6.

284 2623 301 2649 y
330 2617 526 2661 τριακοσίας
555 2617 740 2662 δεκατρεῖς]
772 2619 992 2662 τετρακοσίας
1020 2621 1109 2663 τρεῖς
1136 2633 1190 2664 γρ.
1213 2619 1257 2657 Q.
1397 2624 1414 2643 Ζ
1444 2618 1630 2664 δεκατρεῖς]
1655 2619 1735 2653 Vid.
1757 2621 1800 2653 ad

283 2681 317 2714 p.
339 2680 348 2703 1
365 2669 448 2714 158,
473 2679 532 2715 25.
645 2675 663 2694 a
683 2670 742 2703 τὸν
763 2672 864 2713 νόμον
884 2671 934 2703 καὶ
956 2672 1016 2714 τὴν
1035 2672 1237 2717 μαρτυρίαν]
1262 2672 1322 2714 τὴν
1340 2672 1526 2716 μαρτυρίαν
1546 2673 1599 2705 καὶ
1617 2672 1677 2705 τὸν
1697 2673 1800 2715 νόμον

285 2722 467 2755 Dobraeus.
579 2719 597 2745 b
617 2736 674 2764 μοι
693 2723 761 2755 hoc
779 2723 857 2756 loco
879 2724 913 2756 S.
945 2724 1144 2769 Legebatur
1164 2731 1243 2769 post
1259 2725 1472 2769 ὡμολόγησε.
1504 2724 1609 2759 Cous.
1626 2737 1661 2769 p.
1685 2736 1692 2758 ι
1710 2724 1796 2764 161,

286 2774 348 2808 28.
474 2780 490 2798 ί·
511 2775 696 2818 στρατηγὶς
718 2776 903 2820 Sauppius.
954 2777 1152 2821 Legebatur
1172 2777 1190 2819 ἡ
1211 2777 1407 2822 στρατηγίς.
1456 2777 1619 2821 Vulgatae
1639 2777 1799 2811 lectionis

283 2827 405 2860 vitium
427 2827 535 2860 sensit
554 2827 703 2860 Wolfius
724 2828 782 2872 qui
804 2828 821 2870 ἡ
843 2828 902 2870 ἐμὴ
924 2829 1108 2873 στρατηγίς
1129 2829 1231 2863 scribi
1252 2830 1373 2863 voluit.
1486 2826 1503 2853 (Ῑ
1525 2829 1653 2875 οὐκέτι]
1679 2830 1739 2863 οὐκ
1760 2830 1795 2863 S.

285 2885 299 2902 Ρ
320 2879 579 2926 ἀναβαλομένῳ]
605 2880 871 2926 ἀναβαλλομένῳ
893 2881 979 2919 F.Q.
1057 2879 1071 2905 f
1087 2881 1209 2926 πλέον]
1236 2882 1458 2915 scribebatur
1477 2884 1610 2916 πλεῖον.
1692 2887 1712 2914 g
1731 2897 1796 2916 ‘rra-

284 2932 726 2978 ριιδώσουσιν-ψευδομ.]
751 2934 1017 2977 παραδώσουσιν
1037 2935 1068 2966 οἱ
1087 2934 1361 2979 μαρτυρήσοντες
1382 2934 1423 2969 ὡς
1452 2935 1551 2977 ι’]’θελε
1577 2934 1796 2980 παραδιδόναι

285 2982 336 3017 ὅτι
356 2985 503 3028 ψευδομ.
525 3000 579 3030 γρ.
603 2986 689 3023 RQ.
801 2983 818 3009 ¹¹
839 2985 937 3020 οὗτος
959 2987 1116 3019 W'olfills.
1147 2987 1206 3019 οὐκ
1227 2987 1316 3020 libri.
