2009 3286
150 209 335 251 —1491,
355 218 385 242 e.
850 209 1135 248 ΕΠΙΣΤΟΛΗ
1169 209 1216 246 Ε.
1690 204 1802 243 1513

270 315 320 366 δὲ
358 319 433 368 καὶ
473 323 556 369 τοῦ
591 319 884 371 δικαιοτάτου
923 319 1063 371 πάνθ’
1107 320 1241 370 ἕνεκα
1285 317 1601 386 ἐξητασμένη·
1643 318 1697 381 ἧς
1730 317 1850 379 μάῐε

272 400 377 455 τοὺς
420 401 552 457 θεοὺς
596 408 663 473 τῷ
702 403 992 471 μετασχόντι
1037 403 1102 468 μὴ
1148 405 1251 470 οὐχὶ
1297 405 1520 471 ἀψευδεῖν
1565 404 1641 452 καὶ
1679 401 1798 467 πρὸς

232 484 485 540 4ἇπαντας
520 488 685 556 ἀγαθῷ
723 486 838 538 εἶναι
878 489 965 555 οὐχ
1004 488 1139 539 ὅσιον
1176 489 1393 553 ἡγοῦμαι.
1445 485 1628 551 γε’νοιτο
1669 486 1707 535 δ’
1740 485 1799 536 ἄν

271 592 350 632 μοι
395 571 577 621 κάκεῖνο
620 575 715 622 τῶν
758 570 1131 638 χαλεπωτάτων·
1180 575 1217 621 εἶ
1261 570 1355 637 γὰρ
1399 569 1626 636 ὡρμηκὼς
1668 570 1795 619 (ἱκατ)

271 652 473 716 ἐμαυτὸν
498 654 711 710 εὐνοϊκῶς
749 655 870 723 ἔχειν
895 678 976 706 σοι
1012 655 1099 719 τὴν
1125 655 1338 706 ἐναντίαν
1362 653 1557 720 γνώμην
1581 660 1791 717 μεταλα-
1811 674 1852 695 20

273 742 376 798 βεΐν
401 739 765 803 ἀναγκασθείην,
792 736 845 790 Γᾶ
870 738 926 803 δὴ
953 737 1334 802 Ξὑπολαμβάνων
1358 741 1696 804 παρεωρᾶσθαι
1724 739 1799 787 καὶ

233 823 632 889 5πεφενακίσθαι,
677 822 766 874 κᾶν
816 823 881 887 μὴ
927 827 1018 891 φῶ,
1065 821 1218 888 νόμιζε
1263 823 1409 875 οὕτως
1459 822 1594 889 ἕξειν.
1669 824 1707 872 εὶ
1752 820 1800 871 δὲ

273 904 404 967 ἡμῶν
443 905 879 974 καταπεφρόνηκας,
918 905 990 957 ὅτι
1030 910 1126 956 τῶν
1166 904 1368 971 πρώτων
1413 906 1496 955 οὐκ
1531 903 1674 967 ἐσμέν
1709 926 1799 965 πω,

274 986 471 1053 λόγισαι
507 988 578 1040 ὅτι
616 992 692 1040 καὶ
719 991 785 1040 σύ
807 992 911 1041 ποτ’
941 989 1070 1053 ἧσθα
1110 989 1210 1043 νεός
1248 991 1323 1040 καὶ
1357 987 1444 1053 τὴν
1470 989 1657 1052 ἡλικίαν
1683 986 1801 1055 εἶχες

274 1071 333 1136 ἣν
358 1073 489 1136 ἡμεῖς
528 1078 623 1136 νῦν,
650 1075 700 1124 ἐκ
734 1072 785 1125 δὲ
817 1079 900 1124 τοῦ
926 1074 1273 1137 συμβουλεύειν
1310 1076 1384 1124 καὶ
1419 1072 1642 1140 πράττειν
1667 1072 1801 1139 γεγέ-
1814 1090 1853 1120 ²5

275 1179 419 1220 νησαι
453 1162 743 1220 τηλικοῦτος.
798 1156 907 1208 ἵκᾶν
932 1158 1042 1221 ἡμῖν
1067 1163 1204 1208 τοῦτο
1228 1157 1460 1221 συμβαίη.
1515 1156 1570 1208 τὸ
1595 1156 1680 1219 μὲν
1706 1155 1803 1223 γὰρ

275 1241 326 1290 εὖ
350 1240 693 1301 “βουλεύεσθαι
731 1240 949 1307 πάρεστι,
975 1244 1058 1305 τῆς
1093 1241 1142 1292 δὲ
1180 1241 1324 1309 τύχης
1354 1240 1802 1305 συλλαμβανούσης

277 1325 354 1374 καὶ
389 1325 591 1390 τοῦργον
630 1325 799 1389 γένοιτ’
835 1325 906 1375 ἄν.
963 1325 1110 1379 καλὸς
1147 1326 1229 1377 οὖν
1266 1325 1426 1391 ἔρανος
1460 1324 1595 1392 χάρις
1629 1326 1800 1375 δικαία·
1822 1345 1924 1386 1491

237 1407 336 1471 6ἣν
363 1406 530 1458 καὶσὺ
554 1409 753 1472 ποιήσαι
789 1409 908 1476 πρὸς
945 1411 1037 1473 ε’μέ.
1090 1412 1167 1460 καὶ
1199 1412 1304 1474 μηδ’
1336 1411 1413 1478 ὑφ’
1443 1409 1544 1463 ἑνὸς
1581 1414 1676 1460 τῶν
1712 1415 1804 1460 σοῦ

279 1490 583 1559 φρονούντων
620 1498 777 1560 χεῖρον
815 1494 933 1559 ἄγου
973 1494 1090 1558 μηδὲ
1129 1494 1268 1557 ἡττῶ,
1308 1495 1418 1544 ἀλλ’
1455 1494 1651 1547 ἐκείνους
1692 1493 1805 1559 Χόίγε

274 1577 353 1627 ἐπὶ
395 1576 454 1627 τὰ
498 1579 577 1627 σοὶ
619 1580 863 1629 δοκοῦντα·
909 1581 984 1629 καὶ
1027 1583 1206 1645 πρᾶττε
1247 1580 1395 1631 οὕτως
1439 1578 1566 1632 ὅπως
1609 1577 1807 1643 μηδενὸς

279 1663 374 1709 τῶν
406 1659 828 1725 Ῡὸμολογηθέντων
860 1665 1178 1728 στερηθῶμεν,
1206 1663 1316 1712 ἀλλ’
1349 1662 1584 1730 Ἐπιτίμῳ
1617 1661 1836 1726 γένηταιε

279 1744 494 1810 σωτηρία
531 1767 600 1798 τις
639 1747 715 1796 καὶ
751 1746 1013 1811 ἀπαλλαγὴ
1044 1751 1138 1797 τῶν
1165 1745 1405 1797 κινδύνων.
1461 1744 1730 1811 παρέσομαι
1764 1747 1806 1795 δ’

280 1831 344 1880 εἷς
383 1827 466 1877 τὸν
500 1826 674 1895 χρόνον
700 1828 845 1895 κάγὼ,
873 1831 974 1881 καθ’
1004 1829 1057 1881 ’ὃν
1084 1831 1148 1881 σὺ
1175 1829 1270 1899 φῂς
1309 1829 1471 1896 καιρὸν
1497 1827 1626 1879 εἶναι.
1682 1827 1801 1895 γρά-

280 1913 382 1978 ψας
411 1910 465 1961 δέ
482 1933 562 1974 μοι
587 1911 797 1979 πεμψον,
822 1911 851 1976 ἢ
879 1914 953 1963 καὶ
979 1915 1043 1967 ὡς·
1070 1913 1198 1982 φίλῳ
1224 1914 1492 1964 ἐπίστελλε.
1538 1911 1755 1980 Ζεύτύχει.

340 2098 358 2125 q
390 2088 460 2124 κατ’
481 2090 639 2125 additum
668 2103 711 2125 ex
740 2103 849 2137 marg.
871 2092 925 2126 ed.
947 2093 1058 2127 Paris.
1086 2104 1117 2127 a.
1146 2099 1258 2139 1570.
1416 2099 1431 2118 Υ
1459 2093 1497 2139 ἃ]
1520 2092 1573 2128 οἷα
1596 2093 1805 2130 Schaeferus.

285 2149 301 2168 S
322 2143 573 2187 ὑπολαμβάνων
594 2145 629 2178 S.
662 2144 862 2191 Legebatur
884 2145 1127 2189 ὑπολαμβάνω.
1225 2145 1239 2170 t
1256 2144 1315 2180 κᾶν
1336 2147 1371 2180 S.
1402 2147 1454 2181 καὶ
1474 2148 1592 2193 vulgo.
1684 2153 1705 2172 ¹1
1723 2150 1807 2188 βου-

284 2196 466 2242 λεὺεσθοι]
490 2195 682 2237 βούλεσθαι
702 2204 728 2232 t.
858 2204 877 2223 Χ
898 2199 976 2245 ἄγε]
1001 2200 1062 2243 μέν
1082 2199 1143 2245 ι’ίγε
1162 2205 1188 2233 t.
1313 2206 1332 2233 Y
1352 2201 1649 2247 ὁμολογηθέντων]
1673 2201 1807 2244 ὡμολο-

287 2249 441 2296 γημένων
462 2250 504 2284 Β.
526 2250 560 2284 in
582 2256 680 2296 parte
701 2264 768 2286 rec.
881 2258 898 2276 Ζ
919 2251 1051 2297 εὐτύχει
1068 2265 1138 2287 om.
1159 2253 1195 2288 S.
1218 2253 1254 2287 in
1275 2265 1345 2300 quo
1366 2254 1601 2300 subscriptum
1622 2256 1707 2301 πρὸς
1727 2254 1806 2299 ἡρα-

287 2303 487 2349 κλεόδωρον.
509 2309 641 2340 ΔΔΔΔ.

414 3079 510 3106 voL.
534 3080 589 3106 lv,
1010 3073 1074 3108 ᾍᾶἰ’
1100 3084 1125 3123 y
