2009 3286
256 173 369 212 1454
780 173 1245 228 [ΔΗΜΟΣΘΕΝΟΎΣ]
1611 186 1652 227 p.
1674 181 1795 224 1430,
1814 183 1910 208 11-

255 291 340 337 τοῦ
365 291 563 338 σκοπεῖν
589 288 740 354 ὀρθῶς
767 289 895 339 θέστὶ
922 287 988 352 μὴ
1013 291 1366 350 βεβουλεῦσθαι
1404 288 1515 353 πρὶν
1547 285 1604 355 ἐξ
1626 283 1690 336 ὧν
1717 286 1789 335 δεῖ

1123 371 1299 427 ὒαὺτὸς
1338 374 1443 424 οὔτε
1482 370 1640 437 καιρὸς
1679 371 1784 421 οὔτε

256 371 620 432 βουλεύσασθαι
647 374 861 424 ἀκοῦσαι.
915 373 968 423 οὐ
999 373 1093 439 γὰρ

256 454 431 521 τρόπος
468 461 552 507 τοῦ
587 461 629 507 τ’
667 458 955 524 ἐπικυρῶσαι
990 457 1049 508 τὰ
1085 461 1312 508 δοκοῦντα
1346 458 1423 508 καὶ
1463 461 1547 506 τοῦ
1588 454 1779 523 σκέψα-

256 543 386 603 σθαι,
413 541 463 591 τί
483 545 673 607 πρῶτον
699 545 852 593 οδοκεῖ
873 541 1152 611 συμφέρειν.

978 640 1067 687 ΙΘ.

333 723 458 771 Μεθ’
488 722 631 784 ὑμῶν,
664 718 701 770 ὦ
727 720 892 787 ἄνδρες
922 721 1179 783 Ἀθηναῖοι,
1207 718 1520 786 παρελήλυθα
1550 717 1777 781 ἀβουλευ-
1799 738 1833 770 15

256 803 472 867 σόμενος,
498 804 698 871 πότερον
736 805 827 872 χρή
865 828 922 868 με
950 804 1104 870 λέγειν
1129 803 1158 869 ἢ
1186 803 1266 869 μή.
1319 803 1388 855 διὸ
1417 806 1454 854 δ’
1484 804 1622 858 αὐτὸς
1660 805 1781 855 τοῦτ’

257 889 421 953 ἀπορῶ
460 893 624 954 κρῖναι,
670 887 847 956 φράσω
892 887 1011 954 πρὸς
1057 889 1189 952 ὑμᾶς.
1254 889 1509 953 ἀναγκαῖον
1553 885 1671 937 εἷναί
1704 908 1784 949 μοι

258 973 387 1021 δοκεῖ
424 975 490 1040 τῷ
533 970 641 1036 μήθ’
687 973 813 1041 αὐτῷ
857 971 974 1036 μήτε
1018 974 1117 1022 τισὶ
1155 972 1453 1039 χαρίσασθαι
1490 971 1782 1040 βουλομένῳ,

257 1058 367 1106 ἀλλ’
398 1056 513 1123 ὑπὲρ
549 1059 679 1121 ὑμῶν
717 1061 860 1108 εἰπεῖν
895 1055 925 1107 ἃ
957 1055 1172 1108 πέπεικεν
1208 1055 1373 1107 ἑαυτὸν
1407 1055 1624 1119 μάλιστα
1650 1077 1779 1118 συμ-
1797 1082 1838 1104 20

257 1140 429 1208 φέρειν,
469 1143 545 1192 καὶ
590 1146 828 1193 συνειπεῖν
864 1138 895 1192 ἃ
928 1145 1087 1195 καλῶς
1132 1140 1358 1206 λέγουσιν
1398 1139 1671 1208 ἀμφότεροι,
1710 1140 1786 1190 καὶ

256 1223 528 1274 τούναντίον
555 1226 785 1276 ἀντειπεῖν
817 1224 912 1275 ὅσα
947 1223 1012 1289 μὴ
1052 1224 1207 1275 δίκαια
1240 1224 1474 1293 ἀξιοῦσιν.
1531 1227 1568 1275 εἰ
1593 1222 1679 1286 μὲν
1705 1224 1787 1274 οὖν

259 1308 386 1370 ὑμεῖς
414 1316 429 1334 ‘³
447 1309 741 1372 ὑπομείναιτε
779 1310 979 1358 ἀκοῦσαι
1018 1309 1143 1359 ταῦτ’
1172 1308 1419 1378 ἀμφότερα
1448 1306 1524 1359 διὰ
1548 1307 1784 1375 βραχέων,

256 1395 429 1460 πολλῷ
470 1393 664 1453 βέλτιον
709 1390 767 1443 ἀν
810 1394 913 1458 περὶ
964 1397 1059 1443 τῶν
1101 1396 1285 1443 λοιπῶν
1334 1390 1703 1454 βουλεύσαισθε·
1747 1394 1785 1442 εὶ

257 1473 307 1525 δὲ
345 1479 456 1540 πρὶν
497 1481 663 1540 μαθεῖν
708 1477 1012 1540 ἀποσταίητε,
1055 1477 1224 1542 γένοιτ’
1273 1476 1329 1528 ἂν
1362 1478 1462 1540 ἐμοὶ
1505 1475 1785 1542 μηδετέρους
1797 1500 1835 1531 25

257 1560 494 1610 ἀδικοῦντι
536 1559 654 1626 πρὸς
689 1560 985 1627 ἀμφοτέρους
1020 1563 1385 1623 διαβεβλῆσθαι.
1438 1565 1577 1610 τοῦτο
1616 1560 1653 1609 δ’
1682 1560 1785 1627 οὐχὶ

257 1642 432 1697 δίκαιός
471 1647 562 1708 εἰμι
601 1648 785 1695 παθεῖν.
841 1642 921 1694 ἐὰν
959 1642 1043 1707 μὲν
1088 1644 1170 1695 οὖν
1202 1644 1434 1708 κελεύητε,
1478 1642 1659 1708 ἕτοιμός
1693 1647 1784 1708 εἶμι

257 1726 424 1792 λέγειν·
466 1731 504 1778 εἰ
532 1727 580 1778 δὲ
606 1726 704 1791 Ῡμὴ,
732 1729 807 1778 καὶ
833 1732 1022 1778 σιωπᾶν
1048 1727 1140 1794 ε”χει
1166 1734 1273 1791 ἕμοι
1300 1732 1472 1781 καλῶς.

991 1826 1054 1873 Κ.

332 1909 427 1957 Καὶ
473 1908 663 1970 δίκαιον,
702 1905 739 1957 ὦ
777 1907 941 1974 ἄνδρες
972 1907 1229 1971 Ἀθηναῖοι,
1271 1909 1347 1958 καὶ
1384 1907 1633 1977 συμφέρον
1676 1907 1783 1969 ὑμῖν
1799 1924 1903 1967 1431

255 1992 458 2057 ἡγοῦμαι
496 1991 581 2045 τὰς
622 1990 708 2055 μὲν
750 1993 899 2045 αἰτίας
937 1993 1012 2042 καὶ
1051 1991 1134 2045 τὰς
1169 1992 1464 2058 κατηγορίας,
1505 1991 1618 2042 ὅταν
1661 1996 1780 2052 βου-

254 2077 479 2128 λεύεσθαι
517 2077 609 2145 δέῃ,
635 2076 957 2143 παραλείπειν,
983 2078 1089 2142 περὶ
1126 2081 1221 2127 τῶν
1255 2074 1505 2142 παρόντων
1539 2074 1587 2125 δὲ
1613 2075 1783 2140 λέγειν,

256 2159 281 2210 ὅ
305 2183 348 2210 τι
373 2160 632 2221 βέλτιστον
659 2160 858 2213 ἕκαστος
884 2160 1078 2225 ἡγεῖται.
1130 2158 1312 2224 ὅτιμὲν
1339 2158 1432 2225 γάρ
1459 2181 1598 2209 τινων
1624 2159 1812 2209 αἰτίωνε

256 2243 406 2295 ὄντων
460 2249 613 2298 κακῶς
661 2243 721 2294 τὰ
770 2243 1031 2310 πράγματα
1085 2244 1191 2310 ἔχει,
1242 2242 1415 2297 πάντες
1468 2241 1779 2306 ἐπιστάμεθα·

257 2328 315 2396 ἐξ
338 2327 448 2378 ὅτου
474 2327 522 2378 δὲ
547 2327 726 2393 τρόπου
750 2327 926 2388 βελτίω
963 2326 1133 2377 δύναιτ’
1164 2326 1221 2377 ἂν
1247 2327 1481 2392 γενέσθαι,
1508 2332 1647 2377 τοῦτο
1672 2325 1785 2377 11τοῦ

256 2412 668 2474 συμβουλεύοντος
708 2411 848 2477 ε”ργον
890 2415 1046 2461 εἰπεῖν.
1105 2410 1242 2461 ἔπειτ’
1290 2410 1439 2476 ε”γωγε
1480 2410 1649 2476 νομίζω
1690 2408 1785 2460 ἱκαὶ

256 2495 546 2562 κατηγόρους
573 2494 685 2546 εῖναι
713 2499 807 2545 τῶν
833 2493 1118 2546 ἀδικούντων
1137 2493 1376 2561 χαλεποὺς
1401 2495 1455 2544 οὐ
1481 2492 1589 2548 τοὺς
1615 2495 1663 2544 ἐν
1688 2516 1784 2545 τοι-

256 2580 407 2634 ούτοις
448 2584 622 2646 καιροῖς
664 2578 963 2648 ἐξετάζοντας
998 2578 1058 2629 τὰ
1097 2578 1420 2645 πεπραγμένα,
1461 2577 1525 2628 ὅτ’
1564 2578 1836 2640 οὐδεμιάνιο

256 2664 470 2715 δώσουσι
496 2665 642 2728 δίκην,
668 2662 800 2714 ἀλλὰ
825 2663 932 2717 τοὺς
965 2661 1149 2714 τοιοῦτό
1175 2686 1219 2713 τι
1244 2667 1609 2726 συμβουλεῦσαι
1637 2663 1779 2725 δυνη-

311 2835 330 2855 a
352 2828 446 2874 ἐστι]
470 2829 566 2863 ἐστιν
584 2831 644 2863 τὶἰυ
666 2829 701 2862 S.
791 2825 810 2853 b
826 2828 926 2863 αὐτὸς
946 2842 998 2874 pr.
1022 2829 1057 2864 S.
1089 2830 1191 2864 αὐτὸς
1210 2829 1303 2863 idem
1324 2842 1344 2863 a
1363 2841 1410 2864 m.
1433 2829 1586 2863 secunda
1606 2834 1641 2863 et
1660 2829 1779 2875 vulgo.

257 2889 273 2907 ⁰
294 2882 400 2928 δοκεῖ]
426 2883 518 2927 δόξει
538 2883 583 2922 Q.
732 2879 747 2902 ‘¹
766 2882 1058 2928 βουλευσόμενος]
1082 2884 1332 2926 βουλευόμενος
1351 2895 1384 2917 v,
1533 2888 1549 2907 θ
1566 2880 1782 2926 ὑπομείναιτε

258 2936 419 2971 VVolfius.
455 2936 651 2979 ὑπομείνετε
673 2934 802 2974 F.S.Q.
838 2935 1013 2979 ὑπομεῖναι
1033 2948 1064 2969 v.
1101 2935 1301 2980 ὑπομείνητε
1321 2936 1438 2981 vulgo.
1563 2932 1578 2959 f
1593 2935 1656 2981 μὴ]
1678 2934 1723 2979 μή
1743 2949 1781 2981 γε

255 3004 311 3034 γρ.
335 2990 379 3028 Q.
493 2995 513 3022 g
531 3003 588 3034 μοι
608 3000 678 3023 om.
701 3001 732 3023 v.
846 2985 864 3012 ¹¹
885 2990 945 3021 τοῦ
966 3000 1035 3023 om.
1056 3001 1087 3023 v,
1202 2994 1210 3012 ¹
1231 2990 1284 3022 καὶ
1303 3001 1373 3023 om.
1394 3001 1426 3022 v.
