2009 3286
257 188 369 228 1448
784 188 1249 244 [ΔΗΜΟΣΘΕΝΟΎΣ]
1598 204 1638 245 p.
1661 201 1782 241 1424,
1804 206 1900 230 10-

256 300 305 351 δὲ
347 301 464 367 πρὸς
509 303 816 370 ἀμφοτέρους.
885 304 937 353 οὐ
983 303 1077 367 μὴν
1122 305 1235 353 ἀλλ’
1279 302 1535 368 αἱρήσομαι
1582 307 1827 366 μᾶλλονιο

256 385 408 444 αὐτὸς,
447 384 505 434 ἂν
543 386 635 450 ἄρα
672 391 810 436 τοῦτο
849 385 1002 448 πάθω,
1042 390 1190 436 δοκεῖν
1230 390 1459 452 φλυαρεῖν
1497 384 1557 450 θῆ
1595 390 1708 452 παρ’
1745 384 1777 436 ἃ

254 466 489 525 βέλτιστα
528 469 695 535 νομίζω
732 473 790 536 τῇ
828 468 965 520 πόλει
1003 469 1237 534 προέσθαι
1275 471 1402 519 τισὶν
1439 471 1555 530 ὑμᾶς
1590 470 1768 538 ἐξαπα-

254 553 412 613 τῆσαι.
474 551 533 602 τὰ
567 552 651 614 μὲν
685 553 766 603 οὖν
801 553 932 604 ἄλλα
967 553 1179 617 ὕστερον,
1213 551 1293 602 ἐὰν
1329 555 1435 613 ὑμῖν
1468 554 1775 615 βουλομένοις

252 632 296 701 ᾗ,
332 635 474 703 λέξω·
521 638 570 687 ἐκ
609 636 657 687 δὲ
694 641 789 687 τῶν
827 638 1220 701 ὁμολογουμένων
1256 639 1334 688 ὑπ’
1367 638 1520 687 αὐτῶν
1555 637 1773 706 ἄρξομαι,

252 716 283 768 ἃ
308 719 540 785 κράτιστα
566 720 747 785 νομίζω,
775 720 1028 771 διδάσκειν.

984 820 1044 868 Θ.

326 900 450 966 Οὐχὶ
488 899 636 950 ταύτὰ
671 900 956 966 γιγνώσκων
989 902 1121 954 ἐνίοις
1160 905 1254 951 τῶν
1292 899 1540 966 εἰρηκότων
1574 900 1823 964 ἀνέστη-ις,

250 1005 323 1044 κα,
351 980 387 1032 ὦ
419 983 582 1049 ἄνδρες
615 987 872 1048 Ἀθηναῖοι.
927 986 980 1035 οὐ
1012 984 1106 1047 μὴν
1140 984 1244 1035 οὐδὲ
1278 985 1470 1038 τούτους
1502 983 1774 1047 αἰτιάσομαι

250 1068 386 1135 κακίᾳ
421 1069 644 1119 τάναντία
682 1074 778 1122 τοῖς
812 1069 1083 1130 βελτίστοις
1122 1069 1362 1133 εἰρηκέναι,
1396 1070 1511 1118 ἀλλ’
1544 1068 1614 1119 ὅτι
1652 1075 1774 1119 πολ-

248 1153 325 1200 λοὶ
363 1158 446 1201 τοῦ
485 1151 544 1201 τὰ
580 1151 840 1216 πράγματα
883 1153 1051 1217 κρίνειν
1089 1150 1414 1215 ἀμελήσαντες
1452 1150 1560 1205 τοὺς
1597 1150 1773 1217 λόγους

249 1240 458 1296 σκοπεῖν,
487 1234 564 1288 οὓς
591 1237 792 1301 ἐροῦσιν,
820 1236 1027 1295 εἰώθασι,
1055 1235 1141 1285 κᾶν
1166 1235 1347 1289 τούτοις
1372 1233 1616 1302 Ῑάφθόνως
1643 1235 1770 1286 ἔντυ’-
1784 1263 1826 1284 20

247 1341 416 1385 χωσιν,
457 1320 650 1381 ἑτοίμως
695 1323 989 1385 δημηγορεῖν,
1036 1321 1118 1369 οὐκ
1163 1320 1313 1384 ὀρθῶς
1356 1318 1623 1384 ἐγνωκότες,
1668 1319 1773 1370 οὐδὲ

248 1401 539 1466 λογιζόμενοι
573 1404 683 1467 παρ’
712 1404 890 1456 ἑαυτοῖς
925 1402 995 1453 ὅτι
1030 1407 1229 1453 πολλῶν
1263 1401 1483 1470 πράξεων
1517 1404 1566 1453 ἐν
1601 1408 1774 1471 πολλῷ

247 1487 403 1555 χρόνῳ
447 1492 569 1538 πᾶσι
618 1488 962 1553 πεπραγμένων
1007 1490 1082 1537 καὶ
1130 1486 1205 1537 διὰ
1249 1486 1357 1540 τοὺς
1407 1486 1593 1552 καιροὺς
1639 1489 1772 1538 ἐνίων

250 1572 532 1622 ὑπεναντίων
563 1573 735 1633 αὑταῖς,
762 1570 819 1622 ἂν
849 1571 931 1624 τὰς
958 1578 978 1606 g
994 1571 1223 1636 προτέρας
1257 1593 1326 1624 τις
1360 1571 1653 1636 ὑπερβαίνων
1687 1570 1771 1624 τὰς
1783 1593 1821 1623 25

1599 1653 1617 1681 h

250 1656 449 1720 ὑστέρας
476 1656 607 1722 λε’γῃ,
635 1655 776 1718 λήσει
808 1655 861 1705 τὸ
887 1658 1070 1723 ῥᾷστον
1100 1659 1194 1705 τῶν
1229 1654 1380 1720 ε”ργων
1410 1659 1572 1715 ποιῶν,
1630 1655 1772 1706 αὑτὸν

248 1737 530 1806 Ῐέξαπατῶν.
584 1742 626 1789 οἱ
659 1737 743 1801 μὲν
770 1737 881 1788 kofiv
908 1740 1028 1788 οὕτω
1054 1738 1284 1805 χρώμενοι
1315 1742 1382 1806 τῷ
1409 1737 1774 1801 1συμβουλεύειν

248 1823 446 1872 δοκοῦσί
476 1845 555 1884 μοι
590 1821 676 1884 τὴν
709 1820 802 1872 ἀπὸ
834 1826 928 1871 τῶν
958 1821 1195 1887 ῥηθέντων
1231 1827 1314 1871 τοῦ
1349 1820 1581 1872 δύνασθαι
1617 1821 1773 1887 λέγειν

248 1904 393 1974 δόξαν
419 1905 702 1970 γιγνομένην
728 1907 882 1958 αὐτοῖς
914 1905 1075 1968 ἱκανὴν
1102 1907 1377 1972 φιλοτιμίαν
1403 1906 1636 1970 ἡγεῖσθαι·
1678 1906 1770 1971 ἐγὼ
1789 1927 1894 1969 1425

249 1989 297 2039 δὲ
342 1989 510 2054 νομίζω
556 1993 724 2056 χρῆναι
775 1989 857 2039 τὸν
907 1987 1044 2039 πόλει
1095 1992 1200 2053 περὶ
1248 1988 1543 2054 πραγμάτων
1592 1993 1768 2057 ἐπιχει-

245 2078 420 2138 ροῦντα
453 2073 798 2135 συμβουλεύειν
834 2077 1038 2135 μᾶλλον,
1073 2071 1199 2125 ὅπως
1233 2072 1292 2122 τὰ
1322 2072 1528 2140 δόξαντα
1560 2072 1767 2122 Ιῐι’συνοί-

247 2178 336 2217 σει,
363 2161 573 2218 σκοπεῖν,
600 2155 629 2219 ὴ
657 2156 817 2209 Πὸπως
847 2160 888 2206 οἱ
923 2159 1215 2222 παραχρῆμα
1249 2156 1386 2222 λόγοι
1418 2157 1556 2223 χάριν
1587 2156 1765 2224 ἕξουσι.
1783 2175 1800 2206 5

245 2242 317 2288 δεῖ
355 2239 447 2304 γὰρ
490 2245 585 2292 τοῖς
630 2242 702 2290 ἐπὶ
748 2244 842 2289 τῶν
887 2239 1048 2303 λόγων
1093 2242 1391 2302 εὐδοκιμοῦσι
1440 2239 1769 2308 συμφέροντός

246 2345 370 2375 τινος
402 2324 541 2387 ἔργου
573 2324 747 2391 πρᾶξιν
781 2328 1042 2389 προσεῖναι,
1067 2323 1142 2373 ἵνα
1172 2322 1236 2386 μὴ
1264 2329 1346 2373 νῦν
1374 2323 1531 2386 μόνον,
1559 2326 1673 2374 ἀλλ’
1703 2322 1771 2374 ἀεὶ

246 2403 305 2454 τὰ
332 2404 532 2470 ῥηθέντα
559 2410 715 2458 καλῶς
743 2404 841 2472 ἔχῃ.

995 2492 1030 2539 Ι.

323 2575 381 2622 Εἰ
413 2571 499 2635 μὲν
532 2571 769 2635 ἐγνώκατ’,
798 2569 834 2621 ὦ
867 2572 1030 2636 ἄνδρες
1063 2576 1319 2635 Ἀθηναῖοι,
1350 2573 1398 2623 τί
1427 2573 1685 2634 βέλτιστον
1715 2571 1769 2623 ὃν

247 2655 467 2723 τυγχάνει
501 2655 677 2723 πρᾶξαι
711 2658 814 2720 περὶ
851 2660 945 2705 τῶν
978 2655 1238 2721 παρόντων,
1266 2656 1520 2722 ἁμάρτημα
1551 2656 1605 2708 τὸ
1636 2680 1762 2721 συμ-
1785 2678 1823 2700 ¹0

303 2843 318 2862 0
340 2838 357 2881 ἢ
376 2837 455 2883 παρ’
472 2837 509 2883 ἃ]
535 2840 619 2883 ὅπερ
639 2837 659 2871 ἂ
681 2837 905 2875 F.S.Y.Q.O.
975 2834 989 2861 f
1006 2837 1181 2884 ἀφθόνως]
1205 2838 1370 2883 ἀφθόνοις
1387 2838 1476 2873 Y.O.
1542 2844 1562 2871 g
1581 2838 1765 2884 προτέρας]

247 2891 360 2935 ἐτέρας
381 2906 436 2936 γρ.
457 2892 544 2930 S.Q.
621 2888 639 2915 ¹¹
660 2891 779 2936 αὑτὸν]
805 2904 886 2923 (ww
907 2902 957 2935 pr.
976 2891 1012 2924 S.
1090 2889 1099 2917 i
1120 2892 1312 2937 ἐξαπατῶν]
1340 2893 1534 2935 εξαπάντων
1554 2892 1599 2930 Q.
1670 2888 1688 2916 k
1709 2890 1770 2924 οὖν

246 2956 317 2979 οιιι.
341 2945 386 2983 Q.
472 2942 480 2968 l
503 2942 769 2989 συμβουλεύειν]
794 2941 972 2983 βουλεύειν
995 2944 1040 2978 O.
1130 2950 1159 2968 ¹¹¹
1181 2945 1335 2979 συνοίσει
1357 2945 1563 2979 Felicianus.
1595 2944 1769 2978 συνοίσειν

246 2997 335 3031 libri.
450 3003 468 3021 ¹¹
490 2997 596 3044 ὅπως]
622 2999 691 3032 πῶς
708 2997 749 3031 Υ.
780 3011 850 3032 πως
873 3009 923 3042 pr.
948 2998 982 3031 S.
