2009 3286
223 215 228 220 ,
255 174 367 214 1500
784 154 1249 233 [ΔΗΜΟΣΘΕΝΟὙΣ]
1342 177 1496 216 Epm.
1518 174 1608 215 111.
1633 190 1671 229 p.
1696 174 1818 226 1476,
1843 188 1936 214 1⁵—

253 288 499 356 ψεύσθητε
528 294 610 354 τῆς
636 292 859 356 ἀληθείας
883 295 989 355 περὶ
1016 292 1159 341 αὐτοῦ
1187 289 1478 356 Λυκούργου.
1529 288 1583 339 τό
1610 311 1659 339 τε
1686 287 1780 353 γὰρ
1797 311 1832 343 15

253 378 336 423 τοῦ
366 373 539 440 χρόνου
571 378 771 439 πλῆθος,
801 374 854 426 ὃν
884 373 1210 444 ἐξεταζόμενος
1241 373 1373 424 οὐδὲν
1402 372 1587 425 πώποθ’
1617 371 1781 438 εὑρέθη

252 460 356 522 περὶ
391 459 507 520 ὑμᾶς
542 460 646 509 οὕτε
681 464 873 527 φρονῶν
907 460 1011 510 οὔτε
1046 464 1193 510 ποιῶν
1220 459 1393 520 ἄδικον,
1422 459 1496 508 καὶ
1524 456 1578 507 τὸ
1606 456 1783 520 μηδένα

253 542 517 607 ἀνθρώπων
543 546 605 595 εἰς
631 543 775 607 μηδὲν
801 548 896 594 τῶν
923 543 1090 593 ἄλλων
1116 543 1437 606 ἀναισθησίαν
1470 543 1599 605 ὑμῶν
1633 563 1777 591 κατα-

253 629 442 689 γνῶναι,
482 626 668 681 εἰκότως
712 629 892 693 ἀναιρεῖ
930 626 1017 690 τὴν
1057 626 1171 693 ὑπὲρ
1210 629 1292 689 τῆς
1338 626 1531 691 ἀγνοίας
1574 627 1778 692 σκῆψιν.

215 726 240 767 9
255 710 462 760 λείπεται
488 710 642 761 τοίνυν
669 709 694 761 ὃ
719 711 892 764 πάντες
918 709 975 761 ἂν
997 709 1110 761 εἶναι
1132 710 1333 778 φαύλων
1353 709 1616 775 ἀνθρώπων
1643 708 1782 774 ἔργον
1795 728 1836 752 20

255 792 474 861 φήσαιεν,
514 793 568 843 τὸ
608 794 727 844 ὅσον
765 793 823 845 ἂν
860 797 1045 861 χρῆσθε
1084 794 1268 862 χρόνον,
1307 799 1539 844 τοσοῦτον
1578 792 1783 843 ἑκάστου

255 877 516 944 φροντίζειν
542 880 706 940 δοκεῖν,
734 876 852 940 μετὰ
878 877 1056 928 ἴταῦτα
1083 878 1131 928 δὲ
1161 877 1337 941 μηδένα
1365 877 1486 944 ἔχειν
1512 876 1674 941 λόγον.
1722 880 1785 928 εἷς

253 961 302 1011 τί
328 960 422 1027 γὰρ
448 965 543 1011 τῶν
576 961 743 1012 ἄλλων
775 960 867 1029 χρὴ
899 965 1177 1028 προσδοκᾶν
1211 966 1279 1031 τῷ
1314 959 1664 1024 τετελευτηκότι
1698 960 1785 1024 τὴν

253 1049 366 1110 παρ’
400 1046 528 1108 ὑμῶν
567 1045 766 1096 ἔσεσθαι
803 1045 953 1113 χάριν,
987 1046 1101 1098 ὅταν
1137 1050 1200 1101 εἷς
1235 1045 1342 1099 τοὺς
1381 1048 1550 1098 παῖδας
1587 1047 1662 1096 καὶ
1698 1043 1785 1108 τὴν
1798 1062 1836 1094 25

255 1128 469 1197 εὐδοξίαν
496 1130 720 1180 τάναντία
747 1130 834 1198 ὁρᾷ
860 1152 929 1183 τις
954 1129 1224 1196 γιγνόμενα,
1251 1128 1316 1180 ῶν
1342 1129 1499 1193 μόνων
1527 1131 1602 1179 καὶ
1627 1135 1786 1179 τελευ-

193 1232 243 1259 10
255 1216 375 1263 τῶσι
400 1216 565 1275 πᾶσιν,
588 1212 714 1266 ὅπως
740 1214 833 1282 ἕξει
856 1219 1028 1277 καλῶς,
1049 1214 1211 1279 μέλας
1253 1216 1329 1264 καὶ
1355 1212 1449 1277 μὴν
1475 1212 1578 1263 οὐδὲ
1603 1210 1787 1280 χρημά-

256 1320 351 1347 των
376 1302 523 1347 ποιεῖν
549 1297 682 1347 ἕνεκα
707 1303 856 1348 ταῦτα
883 1301 1034 1349 δοκεῖν
1065 1303 1158 1349 τῶν
1189 1302 1348 1348 καλῶν
1379 1299 1600 1362 κάγαθῶν
1634 1296 1781 1346 ἐστίν.

258 1381 362 1430 οὔτε
388 1379 481 1446 γὰρ
507 1383 590 1444 τῆς
622 1382 989 1449 μεγαλοψυχίας
1022 1383 1126 1433 οὕτε
1165 1385 1248 1445 τῆς
1281 1382 1435 1445 ἄλλης
1468 1380 1785 1447 προαιρέσεως
1802 1395 1908 1437 1477

257 1468 338 1528 τῆς
376 1466 597 1531 ὑμετέρας
630 1465 894 1518 ἀκόλουθον
933 1465 993 1517 ἂν
1028 1468 1211 1534 φανείη.
1266 1470 1302 1516 εἰ
1338 1465 1432 1531 γὰρ
1466 1467 1584 1527 ὑμᾶς
1624 1463 1782 1514 λύσα-

258 1552 373 1599 σθαι
399 1549 507 1614 παρ’
533 1548 701 1614 ἑτέρων
728 1549 816 1599 ἔδει
844 1549 1011 1602 δόντας
1036 1550 1086 1599 ἐκ
1113 1552 1205 1599 τῶν
1231 1546 1560 1613 Ππροσιόντων
1586 1545 1646 1596 τὰ
1671 1545 1787 1612 χρή-

258 1656 386 1697 ματα
424 1638 585 1694 ταῦτα,
624 1632 805 1688 πάντας
846 1632 904 1684 ἂν
942 1635 1144 1699 ἡγοῦμαι
1187 1633 1458 1699 προθύμους
1497 1630 1627 1682 εἶναι·
1674 1632 1815 1683 Χτί-5

258 1740 392 1781 μημα
431 1718 506 1766 Υδ’
548 1718 670 1783 ὁρῶν
709 1718 961 1771 ὀκνοῦντας
999 1719 1199 1786 ἀφεῖναι,
1238 1716 1297 1767 Ζῧ
1336 1715 1470 1785 λόγῳ
1510 1719 1586 1766 καὶ
1625 1714 1789 1784 φθόνῳ

259 1801 466 1867 γέγονεν,
506 1802 589 1851 οὐκ
633 1801 725 1868 ἔχω
769 1802 818 1851 τί
859 1805 1089 1866 καταγνῶ,
1131 1805 1169 1851 εἰ
1213 1800 1278 1864 μὴ
1324 1799 1447 1853 ὅλως
1492 1802 1669 1865 πικρῶς
1715 1800 1792 1849 καὶ

260 1888 544 1953 ταραχωδῶς
582 1885 703 1952 ἔχειν
741 1883 859 1950 πρὸς
896 1884 1005 1939 τοὺς
1042 1883 1317 1948 δημοτικοὺς
1353 1885 1616 1950 ὡρμήκατε.
1671 1887 1707 1933 εἰ
1743 1881 1792 1932 δὲ

261 1971 384 2020 τοῦτ’
426 1970 571 2033 ἔστιν,
616 1971 709 2020 οὔτ’
751 1971 898 2035 ὀρθῶς
945 1970 1049 2020 οὔτε
1093 1966 1434 2036 συμφερόντως
1473 1965 1792 2028 βουλεύεσθαι

261 2054 506 2118 ἐγνώκατε.

199 2158 243 2184 11
337 2135 574 2202 Θαυμάζω
614 2138 668 2199 δ’,
708 2140 745 2186 εἰ
787 2138 945 2200 μηδεὶς
985 2137 1113 2199 ὑμῶν
1152 2137 1299 2186 ε’ννοεῖ
1336 2134 1407 2186 ὅτι
1444 2138 1539 2185 τῶν
1578 2137 1788 2200 αἰσχρῶν
1804 2156 1842 2178 10

261 2222 364 2271 ἐστὶ
389 2219 472 2271 τὸν
499 2223 648 2284 δῆμον
674 2219 790 2270 ἢτὸν
815 2220 1094 2283 Ἀθηναίων,
1122 2219 1313 2269 συνέσει
1346 2220 1421 2269 καὶ
1452 2217 1639 2285 παιδείᾳ
1663 2216 1785 2267 πάν-

262 2327 356 2354 των
386 2304 603 2370 προέχειν
630 2306 871 2365 δοκοῦντα,
900 2303 950 2357 ὃς
976 2305 1052 2353 καὶ
1081 2309 1177 2356 τοῖς
1204 2302 1507 2369 ἀτυχήσασιν
1533 2304 1601 2351 ἀεὶ
1634 2301 1792 2364 κοινὴν

263 2387 356 2453 ε”χει
407 2386 701 2454 καταφυγὴν,
754 2387 1170 2453 ἀγνωμονέστερον
1225 2388 1479 2453 φαίνεσθαι
1531 2387 1790 2448 Φιλίππου,

265 2470 315 2524 ὃς
348 2471 653 2534 ἀνουθέτητος
688 2469 752 2520 ὧν
786 2470 983 2532 εἰκότως,
1012 2473 1204 2540 τραφείς
1236 2470 1255 2497 b
1270 2473 1312 2537 γ’
1342 2474 1390 2522 ἐν
1424 2472 1632 2539 ἐξουσίᾳ,
1664 2470 1839 2534 ὅμωςῐὸ

265 2555 381 2624 ᾤετο
408 2557 513 2617 δεῖν,
542 2555 658 2618 ἡνίκ’
686 2555 915 2621 εὐτύχησε
940 2556 1171 2618 μάλιστα,
1197 2554 1314 2605 οτότ’
1342 2555 1616 2621 ἀνθρώπινα
1640 2553 1791 2620 πράτ-

202 2663 359 2695 ητων
394 2639 664 2708 φαίνεσθαι,
700 2642 775 2689 καὶ
810 2638 918 2692 τοὺς
953 2639 1386 2707 παραταξαμένους,
1417 2637 1535 2703 πρὸς
1571 2638 1649 2691 οὓς
1688 2640 1793 2703 περὶ

322 2811 335 2836 t
356 2813 461 2845 ταῦτα
481 2812 516 2845 δὲ
539 2810 668 2849 B.S.Q.
699 2811 736 2843 δὲ
755 2812 861 2844 ταῦτα
881 2810 996 2854 vulgo.
1082 2816 1101 2834 ¹¹
1122 2809 1354 2855 προσιόντων]
1379 2823 1566 2854 προτερων,
1588 2810 1734 2842 σιόντων
1755 2809 1790 2843 S.

268 2871 287 2889 Χ
308 2865 626 2910 τίμημα-ἀφεῖναι
646 2863 764 2897 addita
785 2876 827 2897 cx
848 2863 1037 2897 codicibus,
1128 2869 1145 2896 Y
1167 2863 1202 2896 δέ
1224 2864 1311 2908 ὁρῶν
1331 2875 1452 2908 margo
1473 2863 1517 2901 Q.
1548 2863 1657 2906 δῶρον
1678 2862 1790 2895 B.S.t.

270 2924 286 2942 Z
309 2917 326 2950 ὃ
345 2918 456 2964 λόγῳ]
482 2919 642 2962 ὁμολογῶ
662 2929 783 2962 margo
804 2916 851 2955 Q.
965 2921 983 2940 a
1002 2916 1062 2949 τὸν
1084 2916 1150 2950 St.
1182 2919 1249 2949 τῶν
1268 2917 1386 2961 vulgO.
1490 2914 1508 2940 b
1528 2914 1559 2961 γ’
1583 2915 1792 2948 Sebaeferus.

271 2971 470 3016 Legebatur
490 2971 533 3011 τ’,
555 2971 651 3016 quod
671 2982 740 3004 om.
761 2976 789 3006 t.
888 2975 903 2994 C
923 2968 992 3003 τότ’
1013 2969 1223 3014 ἀνθρώπινα]
1247 2971 1324 3003 τότε
1345 2968 1559 3014 τάνθρώπινα
1580 2968 1711 3006 B.S.Q.
