2009 3286
266 208 377 249 1210
781 212 1246 267 [ΔΗΜΟΣΘΕΝΟΎΣ]
1307 213 1390 252 On.
1408 212 1593 252 XLIX.
1618 226 1656 266 p.
1678 224 1693 251 1
1708 211 1797 260 186,
1817 225 1913 251 15—

264 321 407 374 αὐτὸν
443 327 622 391 χρῆσαι
662 326 819 393 χιλίας
863 328 1135 393 τριακοσίας
1174 324 1466 389 πεντήκοντα
1503 323 1522 351 ‘¹
1530 326 1642 389 μίαν
1681 332 1696 351 ‘³
1714 323 1781 375 δύ’
1799 343 1836 376 15

264 407 440 467 ὀβολώ·
480 409 712 460 τοσούτου
738 409 833 475 γὰρ
858 407 969 478 ἰέφη
1001 411 1334 476 προσδεῖσθαι·
1377 412 1453 460 καὶ
1480 412 1638 460 δοῦναι
1663 408 1785 459 ἕέκέ-

263 497 435 543 λευσεν
459 491 734 562 Ἀντιμάχῳ
768 497 835 562 τῷ
872 494 1016 562 ταμίᾳ
1053 497 1120 563 τῷ
1153 494 1332 556 ἑαυτοῦ,
1362 492 1412 547 ὃς
1446 493 1595 563 τούτῳ
1634 492 1785 562 διῴκει

226 573 396 631 ὅὺτότε
432 575 601 627 πάντα.
659 578 736 627 καὶ
769 578 794 627 ὀ
829 576 914 640 μὲν
949 576 1280 640 δανεισάμενος
1317 576 1372 628 τὸ
1408 577 1630 643 ἀργύριον
1655 577 1785 642 παρὰ

262 664 346 709 τοῦ
382 659 562 726 πατρὸς
599 667 682 711 τοῦ
722 663 835 725 ἐμοῦ
874 660 1105 724 Τιμόθεος
1141 659 1200 724 ἧν
1244 663 1320 711 καὶ
1358 660 1585 714 κελεύσας
1624 663 1783 710 δοῦναι
1796 681 1837 702 20

262 742 537 813 Ἀντιμάχῳ
575 743 671 812 ἰτῷ
708 745 853 813 ταμίᾳ
891 748 957 814 τῷ
985 746 1163 808 ἑαυτοῦ,
1206 746 1230 795 ὁ
1267 744 1315 795 δὲ
1349 745 1515 804 λαβὼν
1551 744 1605 795 τὸ
1632 744 1779 810 ἀργύ-

262 849 363 892 ριον
388 825 409 853 k
427 829 476 878 ἐκ
502 830 585 892 τῆς
609 829 838 895 τραπέζης
864 828 993 896 παρὰ
1020 830 1292 896 Φορμίωνος
1320 827 1603 892 Αὐτόνομος,
1632 828 1786 894 ὅσπερ

262 911 537 981 Ἀντιμάχῳ
589 913 781 963 διετέλει
831 912 1176 979 γραμματεύων
1227 911 1309 963 τὸν
1361 912 1546 963 ἅπαντα
1595 912 1782 979 χρόνον.

225 1016 249 1054 9
265 995 479 1049 δοθέντος
506 996 660 1046 τοίνυν
686 1001 769 1046 τοῦ
796 997 1020 1062 ἀργυρίου
1044 995 1054 1022 ¹

1062 996 1229 1047 τούτου
1260 995 1508 1064 ἐγράψατο
1534 995 1620 1060 μὲν
1646 997 1776 1064 ὀφεί-
1795 1024 1832 1056 25

264 1088 412 1128 λοντα
450 1078 533 1129 τὸν
570 1078 864 1131 κελεύσαντα
897 1083 1123 1147 ιᾙχρῆσαι
1161 1078 1407 1144 Τιμόθεον,
1448 1080 1701 1144 ὑπόμνημα
1741 1083 1782 1130 δ’

263 1162 524 1230 ἐγράψατο,
564 1161 601 1232 ᾧ
639 1186 688 1214 τε
730 1163 864 1218 οὗτος
908 1165 1125 1215 ἐκέλευσε
1171 1167 1342 1226 δοῦναι,
1380 1163 1668 1233 Ἀντιμάχῳ,
1710 1166 1786 1214 καὶ

264 1245 317 1297 ὃν
344 1254 363 1272 ¹¹
382 1248 406 1297 ὁ
442 1248 728 1315 Ἀντίμαχος
754 1248 1062 1317 συνέπεμψεν
1094 1250 1168 1299 ἐπὶ
1201 1247 1287 1312 τὴν
1322 1248 1555 1314 τράπεζαν
1590 1248 1780 1316 0ληψό-

264 1353 404 1392 μενον
430 1330 484 1381 τὸ
509 1330 746 1398 ἀργύριον,
774 1330 857 1382 τὸν
879 1330 1167 1394 Αὐτόνομον,
1194 1329 1305 1384 Ρτάς
1330 1331 1486 1397 χιλίας
1513 1332 1785 1397 τριακοσίας

265 1414 478 1482 δραχμὰς
520 1417 595 1466 καὶ
635 1415 925 1480 πεντήκοντα
966 1418 1043 1467 καὶ
1082 1416 1193 1479 μίαν
1238 1418 1340 1466 qna}
1385 1415 1454 1466 δύ’
1496 1415 1674 1477 ὀβολώ.
1729 1414 1906 1480 τὸιιὸ7

261 1498 347 1563 μὲν
372 1500 527 1550 τοίνυν
545 1504 734 1566 πρῶτον
759 1506 775 1525 r
788 1499 948 1566 χρέως,
970 1498 995 1550 ὃ
1021 1499 1232 1551 ἐκπλέων
1257 1499 1401 1561 ἔλαβε
1421 1505 1706 1565 στρατηγῶν
1725 1500 1780 1551 τὸ

260 1586 472 1651 ὕστερον,
498 1589 730 1635 τοσοῦτον
754 1583 970 1653 ὤφειλεν.

197 1692 248 1719 10
333 1668 525 1732 Ἐπειδὴ
566 1670 605 1719 δ’
648 1668 1042 1736 ἀπεχειροτονήθη
1088 1667 1174 1732 μὲν
1215 1670 1295 1735 ὑφ’
1340 1670 1468 1732 ὑμῶν
1511 1668 1784 1736 στρατηγὸς

260 1752 336 1803 διὰ
361 1752 415 1803 τὸ
441 1752 506 1817 μὴ
531 1759 845 1819 περιπλεῦσαι
883 1752 1271 1817 Πελοπόννησον,
1298 1755 1372 1804 ἐπὶ
1398 1753 1547 1819 κρίσει
1579 1752 1628 1803 δὲ
1653 1776 1775 1818 παρ·
1794 1777 1811 1808 5

260 1836 443 1887 εδέδοτο
482 1841 545 1891 εἰς
582 1836 665 1888 τὸν
702 1840 851 1900 δῆμον
884 1838 1032 1890 αἰτίας
1069 1840 1151 1900 τῆς
1186 1837 1414 1902 μεγίστης
1449 1835 1617 1903 τυχὼν,
1651 1838 1777 1905 ἐφει-

258 1918 423 1982 στήκει
466 1923 507 1970 δ’
550 1920 676 1988 αὐτῷ
723 1920 1096 1985 Καλλίστρατος
1138 1921 1213 1970 καὶ
1259 1926 1272 1945 ³
1292 1918 1576 1987 Ἰφικράτης,
1622 1922 1688 1987 τῷ
1733 1942 1783 1969 τε

258 2002 481 2068 πράττειν
525 2006 601 2054 καὶ
643 2004 807 2054 ἵεἰπεῖν
852 2001 1109 2067 δυνάμενοι,
1151 2004 1271 2054 οὕτω
1316 2003 1364 2054 δὲ
1407 2002 1623 2054 διέθεσαν
1665 2004 1784 2066 ὑμᾶς

260 2093 625 2153 κατηγοροῦντες
660 2086 828 2138 τούτου
854 2088 989 2137 αὐτοί
1011 2110 1060 2138 τε
1095 2090 1172 2138 καὶ
1205 2091 1246 2138 οἱ
1272 2086 1668 2154 συναγορεύοντες
1694 2088 1776 2137 αὖ·
1801 2112 1837 2132 10

1432 2174 1501 2221 ὶιι

197 2177 370 2234 ΙΙτοῖς,
405 2171 518 2223 ὥστ’
558 2172 850 2238 Ἀντίμαχον
888 2170 973 2234 μὲν
1011 2172 1182 2235 ταμίαν
1222 2171 1334 2222 ὅντα
1372 2195 1431 2222 κα
1517 2170 1784 2222 πιστότατα

262 2257 545 2317 διακείμενον
579 2254 730 2324 τούτῳ
767 2255 1004 2321 κρίναντες
1037 2257 1085 2305 ἐν
1116 2260 1182 2324 τῷ
1208 2255 1340 2325 δήμῳ
1372 2256 1669 2306 ἀπεκτείνατε
1708 2258 1784 2305 καὶ

261 2338 347 2402 τὴν
373 2339 540 2389 οὐσίαν
565 2339 708 2389 αὐτοῦ
741 2337 1041 2402 ἐδημεύσατε,
1069 2338 1210 2390 αὐτὸν
1244 2339 1292 2389 δὲ
1320 2344 1484 2389 τοῦτον
1508 2339 1777 2406 ἐξαιτουμέ-

263 2446 355 2473 νων
381 2430 400 2448 Χ
416 2422 501 2486 μὲν
525 2427 619 2473 τῶν
645 2422 913 2486 ἐπιτηδείων
939 2425 1014 2472 καὶ
1046 2423 1222 2473 οἰκείων
1249 2423 1390 2473 αὐτου
1426 2420 1688 2484 Υάπάντων,
1715 2423 1781 2472 ε”τι

263 2506 310 2557 δὲ
349 2510 458 2556 Ζκαὶ
499 2505 730 2557 Ἀλκέτου
771 2507 847 2555 καὶ
891 2503 1119 2567 Ἰάσονος,
1161 2505 1429 2572 συμμάχων
1472 2505 1621 2556 ὄντων
1661 2507 1832 2569 ὑμῖν,ι5

317 2650 336 2678 (Ῐ
366 2652 445 2696 μίαν
464 2664 535 2687 om.
557 2652 602 2691 Q.
742 2658 757 2677 θ
788 2652 838 2686 δύ’
859 2652 991 2699 ὀβολώ]
1017 2652 1078 2686 δύο
1099 2652 1234 2693 ὀβόλων
1254 2654 1296 2687 A.
1437 2649 1451 2675 f
1471 2652 1556 2698 ἔφη]
1582 2652 1688 2686 ἐδόκει
1708 2653 1781 2687 As.

263 2712 285 2739 ἕ
304 2705 500 2752 ἐκέλευσεν]
525 2705 678 2740 ἐκέλευεν
701 2706 832 2744 B.Q.S.
968 2703 987 2730 h
1008 2707 1085 2739 τότε
1105 2705 1231 2751 πάντα]
1255 2708 1359 2739 ταῦτα
1380 2707 1455 2740 A.r.
1587 2702 1595 2729 ἱ
1617 2708 1663 2752 τῷ
1681 2706 1783 2750 ταμίᾳ

264 2771 333 2793 om.
357 2760 392 2793 S.
503 2756 523 2783 k
543 2759 595 2805 ἐκ]
620 2759 686 2792 ἀπὸ
706 2760 782 2794 A.r.
894 2756 903 2783 Ῑ
923 2758 1047 2792 τούτου
1067 2771 1136 2793 om.
1157 2760 1230 2793 Am.
1346 2764 1376 2782 ¹¹¹
1396 2759 1541 2804 χρῆσαι]
1566 2760 1715 2803 χρῆσθαι
1736 2759 1780 2798 Q.

265 2818 285 2837 Π
305 2814 323 2845 ὁ
344 2825 413 2846 om.
434 2814 508 2847 A.r.
645 2818 664 2837 0
693 2812 910 2857 ληψόμενον]
942 2813 1139 2857 ληψόμενος
1159 2814 1200 2846 Α.
1339 2817 1358 2844 P
1387 2813 1445 2846 τὰς
1472 2812 1602 2857 χιλίας]
1637 2814 1688 2846 καὶ
1708 2813 1781 2846 Α.1·.

265 2871 285 2898 q
314 2867 366 2899 καὶ
385 2878 454 2900 0111.
477 2865 610 2905 B.S.Q.
631 2866 725 2911 quod
754 2865 893 2910 probari
922 2871 1040 2910 posset
1069 2865 1097 2898 si
1126 2864 1359 2910 praecedentia
1388 2865 1457 2898 (luo
1477 2866 1528 2898 καὶ
1549 2865 1721 2905 abessent,
1743 2870 1782 2898 ut

266 2931 371 2963 supra
390 2920 413 2954 l.
441 2927 496 2966 15.
627 2924 641 2943 Γ
660 2918 767 2964 χρέως
789 2918 872 2957 §.Q
902 2918 1000 2963 χρέος
1021 2919 1137 2963 vulgo.
1271 2925 1284 2942 ⁵
1304 2917 1514 2963 Ἰφικράτης]
1540 2920 1724 2964 ηφικρατης
1745 2918 1780 2951 S.

267 2973 276 2993 t
298 2972 419 3017 εἰπεῖν]
442 2975 488 3019 τῷ
505 2973 610 3006 εἰπεῖν
628 2973 700 3005 As.
794 2977 814 2996 ¹¹
829 2971 1038 3017 πιστότατα]
1062 2970 1241 3005 πιστότατ’
1260 2969 1299 3004 ἂν
1321 2971 1450 3010 F.S.Q.
1482 2973 1691 3006 πιστότατον
1710 2972 1781 3005 As.

267 3030 285 3048 Χ
306 3025 367 3067 μὲν
387 3038 456 3060 om.
480 3026 550 3060 Α.ι·,
663 3032 679 3058 Y
700 3024 871 3070 ἁπάντων]
896 3025 1029 3058 πάντων
1051 3026 1123 3060 As.
1238 3030 1253 3048 Ζ
1275 3025 1328 3058 καὶ
1348 3036 1416 3058 om.
1440 3025 1510 3058 As.
