<?xml version="1.0" encoding="UTF-8"?>
<!DOCTYPE html PUBLIC "-//W3C//DTD XHTML 1.0 Transitional//EN"
    "http://www.w3.org/TR/xhtml1/DTD/xhtml1-transitional.dtd">
<html xmlns="http://www.w3.org/1999/xhtml" xml:lang="en" lang="en">
 <head>
  <title>
</title>
<meta http-equiv="Content-Type" content="text/html;charset=utf-8" />
  <meta name='ocr-system' content='tesseract 3.04.00' />
  <meta name='ocr-capabilities' content='ocr_page ocr_carea ocr_par ocr_line ocrx_word'/>
</head>
<body>
  <div class='ocr_page' id='page_1' title='image "./operaexrecension00demouoft_0195.png"; bbox 0 0 2009 3286; ppageno 0'>
   <div class='ocr_carea' id='block_1_1' title="bbox 73 232 1723 279">
    <p class='ocr_par' dir='ltr' id='par_1_1' title="bbox 73 232 1723 279">
     <span class='ocr_line' id='line_1_1' title="bbox 73 232 1723 279; baseline 0.003 -12"><span class='ocrx_word' id='word_1_1' title='bbox 73 237 256 279; x_wconf 85' lang='lat'>—1301‚</span> <span class='ocrx_word' id='word_1_2' title='bbox 276 243 328 270; x_wconf 80' lang='lat'>13.</span> <span class='ocrx_word' id='word_1_3' title='bbox 681 235 826 272; x_wconf 88' lang='grc' dir='ltr'>ΠΡΟΣ</span> <span class='ocrx_word' id='word_1_4' title='bbox 858 234 1235 273; x_wconf 79' lang='grc' dir='ltr'><strong>ΕΎΒΟΎΛΙΔΗΝ.</strong></span> <span class='ocrx_word' id='word_1_5' title='bbox 1611 232 1723 273; x_wconf 69' lang='grc'><strong>1323</strong></span> 
     </span>
    </p>
   </div>
   <div class='ocr_carea' id='block_1_2' title="bbox 156 342 1778 1083">
    <p class='ocr_par' dir='ltr' id='par_1_2' title="bbox 156 342 1778 1083">
     <span class='ocr_line' id='line_1_2' title="bbox 198 342 1778 409; baseline 0.004 -19"><span class='ocrx_word' id='word_1_6' title='bbox 198 342 383 396; x_wconf 76' lang='grc' dir='ltr'>δικαίως</span> <span class='ocrx_word' id='word_1_7' title='bbox 420 345 521 406; x_wconf 88' lang='grc' dir='ltr'>μεθ’</span> <span class='ocrx_word' id='word_1_8' title='bbox 551 345 679 406; x_wconf 83' lang='grc' dir='ltr'>ὑμῶν</span> <span class='ocrx_word' id='word_1_9' title='bbox 717 347 765 395; x_wconf 83' lang='grc' dir='ltr'>ἐν</span> <span class='ocrx_word' id='word_1_10' title='bbox 802 349 898 398; x_wconf 87' lang='grc' dir='ltr'>τοῖς</span> <span class='ocrx_word' id='word_1_11' title='bbox 935 347 1118 395; x_wconf 87' lang='grc' dir='ltr'>διδοῦσι</span> <span class='ocrx_word' id='word_1_12' title='bbox 1154 342 1429 409; x_wconf 60' lang='grc' dir='ltr'>ἀγενοίμεθα</span> <span class='ocrx_word' id='word_1_13' title='bbox 1464 347 1540 395; x_wconf 83' lang='grc' dir='ltr'>καὶ</span> <span class='ocrx_word' id='word_1_14' title='bbox 1567 368 1719 396; x_wconf 90' lang='grc' dir='ltr'>συνα-</span> <span class='ocrx_word' id='word_1_15' title='bbox 1740 365 1778 386; x_wconf 87' lang='lat'>10</span> 
     </span>
     <span class='ocr_line' id='line_1_3' title="bbox 159 426 1725 498; baseline 0.004 -24"><span class='ocrx_word' id='word_1_16' title='bbox 159 426 490 489; x_wconf 87' lang='grc' dir='ltr'>6δικηθείημεν</span> <span class='ocrx_word' id='word_1_17' title='bbox 534 426 608 478; x_wconf 79' lang='grc' dir='ltr'>διὰ</span> <span class='ocrx_word' id='word_1_18' title='bbox 659 427 745 492; x_wconf 83' lang='grc' dir='ltr'>τὴν</span> <span class='ocrx_word' id='word_1_19' title='bbox 788 434 872 479; x_wconf 82' lang='grc' dir='ltr'>τοῦ</span> <span class='ocrx_word' id='word_1_20' title='bbox 916 428 1197 494; x_wconf 88' lang='grc' dir='ltr'>πράγματος</span> <span class='ocrx_word' id='word_1_21' title='bbox 1242 428 1403 495; x_wconf 84' lang='grc' dir='ltr'>ὀργήν.</span> <span class='ocrx_word' id='word_1_22' title='bbox 1463 429 1596 498; x_wconf 76' lang='grc' dir='ltr'>ᾤμην</span> <span class='ocrx_word' id='word_1_23' title='bbox 1639 429 1725 493; x_wconf 77' lang='grc' dir='ltr'>μὲν</span> 
     </span>
     <span class='ocr_line' id='line_1_4' title="bbox 198 508 1723 580; baseline 0.003 -22"><span class='ocrx_word' id='word_1_24' title='bbox 198 510 280 559; x_wconf 76' lang='grc' dir='ltr'>οὖν</span> <span class='ocrx_word' id='word_1_25' title='bbox 314 510 476 575; x_wconf 77' lang='grc' dir='ltr'>ἔγωγε,</span> <span class='ocrx_word' id='word_1_26' title='bbox 505 508 541 560; x_wconf 72' lang='grc' dir='ltr'><em>ὦ</em></span> <span class='ocrx_word' id='word_1_27' title='bbox 576 512 740 578; x_wconf 75' lang='grc' dir='ltr'>ἄνδρες</span> <span class='ocrx_word' id='word_1_28' title='bbox 774 514 1007 574; x_wconf 74' lang='grc' dir='ltr'>δικασταὶ,</span> <span class='ocrx_word' id='word_1_29' title='bbox 1042 512 1302 578; x_wconf 82' lang='grc' dir='ltr'>προσήκειν</span> <span class='ocrx_word' id='word_1_30' title='bbox 1336 514 1621 580; x_wconf 77' lang='grc' dir='ltr'>Εὐβουλίδῃ,</span> <span class='ocrx_word' id='word_1_31' title='bbox 1648 516 1723 564; x_wconf 80' lang='grc' dir='ltr'>καὶ</span> 
     </span>
     <span class='ocr_line' id='line_1_5' title="bbox 195 592 1723 663; baseline 0.003 -21"><span class='ocrx_word' id='word_1_32' title='bbox 195 597 319 643; x_wconf 83' lang='grc' dir='ltr'>πᾶσι</span> <span class='ocrx_word' id='word_1_33' title='bbox 357 592 408 643; x_wconf 81' lang='grc' dir='ltr'>δὲ</span> <span class='ocrx_word' id='word_1_34' title='bbox 447 594 553 644; x_wconf 79' lang='grc' dir='ltr'>ὅσοι</span> <span class='ocrx_word' id='word_1_35' title='bbox 593 601 675 645; x_wconf 85' lang='grc' dir='ltr'>νῦν</span> <span class='ocrx_word' id='word_1_36' title='bbox 715 597 816 646; x_wconf 66' lang='grc' dir='ltr'>θέπὶ</span> <span class='ocrx_word' id='word_1_37' title='bbox 851 601 951 649; x_wconf 85' lang='grc' dir='ltr'>ταῖς</span> <span class='ocrx_word' id='word_1_38' title='bbox 983 596 1326 663; x_wconf 82' lang='grc' dir='ltr'>ἀποψηφίσεσι</span> <span class='ocrx_word' id='word_1_39' title='bbox 1363 602 1723 662; x_wconf 84' lang='grc' dir='ltr'>κατηγοροῦσιν,</span> 
     </span>
     <span class='ocr_line' id='line_1_6' title="bbox 195 674 1724 746; baseline 0.004 -21"><span class='ocrx_word' id='word_1_40' title='bbox 195 674 290 726; x_wconf 77' lang='grc' dir='ltr'>ὅσα</span> <span class='ocrx_word' id='word_1_41' title='bbox 353 676 520 728; x_wconf 77' lang='grc' dir='ltr'>ἴσασιν</span> <span class='ocrx_word' id='word_1_42' title='bbox 570 680 777 744; x_wconf 80' lang='grc' dir='ltr'>ἀκριβῶς</span> <span class='ocrx_word' id='word_1_43' title='bbox 839 680 997 745; x_wconf 75' lang='grc' dir='ltr'>λε’γειν</span> <span class='ocrx_word' id='word_1_44' title='bbox 1048 682 1124 730; x_wconf 80' lang='grc' dir='ltr'>καὶ</span> <span class='ocrx_word' id='word_1_45' title='bbox 1179 681 1410 744; x_wconf 90' lang='grc' dir='ltr'>μηδεμίαν</span> <span class='ocrx_word' id='word_1_46' title='bbox 1459 679 1724 746; x_wconf 79' lang='grc' dir='ltr'>προσάγειν</span> 
     </span>
     <span class='ocr_line' id='line_1_7' title="bbox 194 758 1774 829; baseline 0.003 -21"><span class='ocrx_word' id='word_1_47' title='bbox 194 758 339 823; x_wconf 90' lang='grc' dir='ltr'>ἀκοὴν</span> <span class='ocrx_word' id='word_1_48' title='bbox 376 759 494 826; x_wconf 79' lang='grc' dir='ltr'>πρὸς</span> <span class='ocrx_word' id='word_1_49' title='bbox 532 760 615 812; x_wconf 81' lang='grc' dir='ltr'>τὸν</span> <span class='ocrx_word' id='word_1_50' title='bbox 652 768 862 813; x_wconf 84' lang='grc' dir='ltr'>τοιοῦτον</span> <span class='ocrx_word' id='word_1_51' title='bbox 898 764 1076 828; x_wconf 81' lang='grc' dir='ltr'>ἀγῶνα.</span> <span class='ocrx_word' id='word_1_52' title='bbox 1114 764 1235 814; x_wconf 81' lang='grc' dir='ltr'>οὕτω</span> <span class='ocrx_word' id='word_1_53' title='bbox 1270 763 1363 829; x_wconf 78' lang='grc' dir='ltr'>γὰρ</span> <span class='ocrx_word' id='word_1_54' title='bbox 1399 769 1536 814; x_wconf 87' lang='grc' dir='ltr'>τοῦτο</span> <span class='ocrx_word' id='word_1_55' title='bbox 1564 764 1723 815; x_wconf 77' lang='grc' dir='ltr'>ἄδικον</span> <span class='ocrx_word' id='word_1_56' title='bbox 1740 782 1774 813; x_wconf 85' lang='lat'>15</span> 
     </span>
     <span class='ocr_line' id='line_1_8' title="bbox 195 844 1723 913; baseline 0.003 -20"><span class='ocrx_word' id='word_1_57' title='bbox 195 845 271 894; x_wconf 80' lang='grc' dir='ltr'>καὶ</span> <span class='ocrx_word' id='word_1_58' title='bbox 309 844 503 913; x_wconf 89' lang='grc' dir='ltr'>σφόδρα</span> <span class='ocrx_word' id='word_1_59' title='bbox 545 845 696 897; x_wconf 87' lang='grc' dir='ltr'>πάλαι</span> <span class='ocrx_word' id='word_1_60' title='bbox 735 847 949 913; x_wconf 76' lang='grc' dir='ltr'>κέκριται,</span> <span class='ocrx_word' id='word_1_61' title='bbox 984 845 1108 898; x_wconf 76' lang='grc' dir='ltr'>ὥστε</span> <span class='ocrx_word' id='word_1_62' title='bbox 1148 847 1251 898; x_wconf 77' lang='grc' dir='ltr'>οὐδὲ</span> <span class='ocrx_word' id='word_1_63' title='bbox 1290 853 1539 913; x_wconf 78' lang='grc' dir='ltr'>μαρτυρεῖν</span> <span class='ocrx_word' id='word_1_64' title='bbox 1579 847 1723 912; x_wconf 88' lang='grc' dir='ltr'>ἀκοὴν</span> 
     </span>
     <span class='ocr_line' id='line_1_9' title="bbox 195 928 1723 998; baseline 0.003 -21"><span class='ocrx_word' id='word_1_65' title='bbox 195 928 337 978; x_wconf 83' lang='grc' dir='ltr'>ἐῶσιν</span> <span class='ocrx_word' id='word_1_66' title='bbox 375 932 417 979; x_wconf 79' lang='grc' dir='ltr'>οἱ</span> <span class='ocrx_word' id='word_1_67' title='bbox 456 929 603 993; x_wconf 91' lang='grc' dir='ltr'>νόμοι,</span> <span class='ocrx_word' id='word_1_68' title='bbox 643 931 735 981; x_wconf 78' lang='grc' dir='ltr'>οὐδ’</span> <span class='ocrx_word' id='word_1_69' title='bbox 765 932 839 982; x_wconf 80' lang='grc' dir='ltr'>ἐπὶ</span> <span class='ocrx_word' id='word_1_70' title='bbox 874 936 971 984; x_wconf 90' lang='grc' dir='ltr'>τοῖς</span> <span class='ocrx_word' id='word_1_71' title='bbox 1004 931 1130 982; x_wconf 86' lang='grc' dir='ltr'>πάνυ</span> <span class='ocrx_word' id='word_1_72' title='bbox 1169 930 1371 998; x_wconf 84' lang='grc' dir='ltr'>φαύλοις</span> <span class='ocrx_word' id='word_1_73' title='bbox 1410 930 1723 995; x_wconf 83' lang='grc' dir='ltr'>ἐγκλήμασιν,</span> 
     </span>
     <span class='ocr_line' id='line_1_10' title="bbox 156 1011 1723 1083; baseline 0.003 -21"><span class='ocrx_word' id='word_1_74' title='bbox 156 1011 393 1066; x_wconf 80' lang='grc' dir='ltr'>7εἶκότως·</span> <span class='ocrx_word' id='word_1_75' title='bbox 435 1013 554 1065; x_wconf 77' lang='grc' dir='ltr'>ὅπου</span> <span class='ocrx_word' id='word_1_76' title='bbox 592 1013 686 1079; x_wconf 75' lang='grc' dir='ltr'>γὰρ</span> <span class='ocrx_word' id='word_1_77' title='bbox 730 1014 895 1064; x_wconf 75' lang='grc' dir='ltr'>εἰδέναι</span> <span class='ocrx_word' id='word_1_78' title='bbox 937 1013 1056 1068; x_wconf 77' lang='grc' dir='ltr'>τινὲς</span> <span class='ocrx_word' id='word_1_79' title='bbox 1107 1015 1194 1079; x_wconf 70' lang='grc' dir='ltr'>ἤδη</span> <span class='ocrx_word' id='word_1_80' title='bbox 1241 1013 1484 1081; x_wconf 84' lang='grc' dir='ltr'>φήσαντες</span> <span class='ocrx_word' id='word_1_81' title='bbox 1534 1018 1723 1083; x_wconf 77' lang='grc' dir='ltr'>ψευδεῖς</span> 
     </span>
    </p>
   </div>
   <div class='ocr_carea' id='block_1_3' title="bbox 548 1096 693 1148">
    <p class='ocr_par' dir='ltr' id='par_1_3' title="bbox 548 1096 693 1148">
     <span class='ocr_line' id='line_1_11' title="bbox 548 1096 693 1148; baseline 0 -37"><span class='ocrx_word' id='word_1_82' title='bbox 548 1102 568 1111; x_wconf 67' lang='grc' dir='ltr'>Α</span> <span class='ocrx_word' id='word_1_83' title='bbox 635 1096 693 1148; x_wconf 59' lang='grc' dir='ltr'>ἰᾶ</span> 
     </span>
    </p>
   </div>
   <div class='ocr_carea' id='block_1_4' title="bbox 194 1094 1780 1165">
    <p class='ocr_par' dir='ltr' id='par_1_4' title="bbox 194 1094 1780 1165">
     <span class='ocr_line' id='line_1_12' title="bbox 194 1094 1780 1165; baseline 0.001 -21"><span class='ocrx_word' id='word_1_84' title='bbox 194 1094 457 1162; x_wconf 81' lang='grc' dir='ltr'>ἐφάνησαν,</span> <span class='ocrx_word' id='word_1_85' title='bbox 497 1120 594 1150; x_wconf 93' lang='grc' dir='ltr'>πως</span> <span class='ocrx_word' id='word_1_86' title='bbox 732 1121 786 1164; x_wconf 88' lang='grc' dir='ltr'>γε</span> <span class='ocrx_word' id='word_1_87' title='bbox 824 1099 929 1163; x_wconf 89' lang='grc' dir='ltr'>μηδ’</span> <span class='ocrx_word' id='word_1_88' title='bbox 960 1096 1097 1151; x_wconf 80' lang='grc' dir='ltr'>αὐτὸς</span> <span class='ocrx_word' id='word_1_89' title='bbox 1137 1096 1258 1148; x_wconf 78' lang='grc' dir='ltr'>οἶδεν</span> <span class='ocrx_word' id='word_1_90' title='bbox 1295 1099 1319 1148; x_wconf 87' lang='grc' dir='ltr'><em>ὁ</em></span> <span class='ocrx_word' id='word_1_91' title='bbox 1361 1099 1517 1164; x_wconf 79' lang='grc' dir='ltr'>λέγων</span> <span class='ocrx_word' id='word_1_92' title='bbox 1560 1121 1717 1165; x_wconf 87' lang='grc' dir='ltr'>προσ·</span> <span class='ocrx_word' id='word_1_93' title='bbox 1738 1126 1780 1147; x_wconf 88' lang='lat'>20</span> 
     </span>
    </p>
   </div>
   <div class='ocr_carea' id='block_1_5' title="bbox 193 1178 1725 1248">
    <p class='ocr_par' dir='ltr' id='par_1_5' title="bbox 193 1178 1725 1248">
     <span class='ocr_line' id='line_1_13' title="bbox 193 1178 1725 1248; baseline 0.003 -18"><span class='ocrx_word' id='word_1_94' title='bbox 193 1178 292 1242; x_wconf 86' lang='grc' dir='ltr'>ήκει</span> <span class='ocrx_word' id='word_1_95' title='bbox 335 1181 681 1243; x_wconf 69' lang='grc' dir='ltr'>πιστεύεσθαι,</span> <span class='ocrx_word' id='word_1_96' title='bbox 738 1181 870 1232; x_wconf 79' lang='grc' dir='ltr'>ἀλλὰ</span> <span class='ocrx_word' id='word_1_97' title='bbox 912 1181 1006 1246; x_wconf 88' lang='grc' dir='ltr'>μὴν</span> <span class='ocrx_word' id='word_1_98' title='bbox 1051 1182 1170 1233; x_wconf 76' lang='grc' dir='ltr'>ὅπου</span> <span class='ocrx_word' id='word_1_99' title='bbox 1215 1206 1267 1248; x_wconf 92' lang='grc' dir='ltr'>γε</span> <span class='ocrx_word' id='word_1_100' title='bbox 1313 1184 1420 1247; x_wconf 90' lang='grc' dir='ltr'>μηδ’</span> <span class='ocrx_word' id='word_1_101' title='bbox 1468 1182 1725 1234; x_wconf 82' lang='grc' dir='ltr'>ὑπεύθυνον</span> 
     </span>
    </p>
   </div>
   <div class='ocr_carea' id='block_1_6' title="bbox 1446 1267 1457 1284">
    <p class='ocr_par' dir='ltr' id='par_1_6' title="bbox 1446 1267 1457 1284">
     <span class='ocr_line' id='line_1_14' title="bbox 1446 1267 1457 1284; baseline 0 0"><span class='ocrx_word' id='word_1_102' title='bbox 1446 1267 1457 1284; x_wconf 87' lang='grc' dir='ltr'><em>Ι</em></span> 
     </span>
    </p>
   </div>
   <div class='ocr_carea' id='block_1_7' title="bbox 193 1263 1723 1335">
    <p class='ocr_par' dir='ltr' id='par_1_7' title="bbox 193 1263 1723 1335">
     <span class='ocr_line' id='line_1_15' title="bbox 193 1263 1723 1335; baseline 0.003 -21"><span class='ocrx_word' id='word_1_103' title='bbox 193 1263 487 1315; x_wconf 80' lang='grc' dir='ltr'>καθιστάντα</span> <span class='ocrx_word' id='word_1_104' title='bbox 532 1264 696 1316; x_wconf 81' lang='grc' dir='ltr'>ἑαυτὸν</span> <span class='ocrx_word' id='word_1_105' title='bbox 738 1266 909 1334; x_wconf 74' lang='grc' dir='ltr'>ἔξεστι,</span> <span class='ocrx_word' id='word_1_106' title='bbox 951 1267 1006 1316; x_wconf 90' lang='grc' dir='ltr'>δι’</span> <span class='ocrx_word' id='word_1_107' title='bbox 1048 1264 1113 1316; x_wconf 74' lang='grc' dir='ltr'>ὧν</span> <span class='ocrx_word' id='word_1_108' title='bbox 1155 1265 1212 1316; x_wconf 76' lang='grc' dir='ltr'>ἂν</span> <span class='ocrx_word' id='word_1_109' title='bbox 1251 1268 1452 1317; x_wconf 85' lang='grc' dir='ltr'>ἀκοῦσαι</span> <span class='ocrx_word' id='word_1_110' title='bbox 1493 1273 1598 1319; x_wconf 61' lang='grc' dir='ltr'>ἓ’τις</span> <span class='ocrx_word' id='word_1_111' title='bbox 1638 1271 1723 1335; x_wconf 82' lang='grc' dir='ltr'>φῇ,</span> 
     </span>
    </p>
   </div>
   <div class='ocr_carea' id='block_1_8' title="bbox 835 1349 855 1375">
    <p class='ocr_par' dir='ltr' id='par_1_8' title="bbox 835 1349 855 1375">
     <span class='ocr_line' id='line_1_16' title="bbox 835 1349 855 1375; baseline 0 0"><span class='ocrx_word' id='word_1_112' title='bbox 835 1349 855 1375; x_wconf 92' lang='lat' dir='ltr'>h</span> 
     </span>
    </p>
   </div>
   <div class='ocr_carea' id='block_1_9' title="bbox 191 1346 1717 1419">
    <p class='ocr_par' dir='ltr' id='par_1_9' title="bbox 191 1346 1717 1419">
     <span class='ocr_line' id='line_1_17' title="bbox 191 1346 1717 1419; baseline 0.003 -22"><span class='ocrx_word' id='word_1_113' title='bbox 191 1346 425 1406; x_wconf 79' lang='grc' dir='ltr'>βλάπτειν</span> <span class='ocrx_word' id='word_1_114' title='bbox 463 1349 651 1413; x_wconf 76' lang='grc' dir='ltr'>μηδένα,</span> <span class='ocrx_word' id='word_1_115' title='bbox 693 1354 792 1403; x_wconf 78' lang='grc' dir='ltr'>πῶς</span> <span class='ocrx_word' id='word_1_116' title='bbox 864 1350 1165 1419; x_wconf 79' lang='grc' dir='ltr'>ἀνυπευθύνῳ</span> <span class='ocrx_word' id='word_1_117' title='bbox 1211 1349 1283 1415; x_wconf 68' lang='grc' dir='ltr'>ἰγε</span> <span class='ocrx_word' id='word_1_118' title='bbox 1326 1350 1514 1415; x_wconf 79' lang='grc' dir='ltr'>λε’γοντι</span> <span class='ocrx_word' id='word_1_119' title='bbox 1560 1373 1717 1416; x_wconf 90' lang='grc' dir='ltr'>προσ-</span> 
     </span>
    </p>
   </div>
   <div class='ocr_carea' id='block_1_10' title="bbox 122 1429 1841 2842">
    <p class='ocr_par' dir='ltr' id='par_1_10' title="bbox 151 1429 1841 2422">
     <span class='ocr_line' id='line_1_18' title="bbox 153 1429 1717 1498; baseline 0.002 -17"><span class='ocrx_word' id='word_1_120' title='bbox 153 1429 290 1494; x_wconf 85' lang='grc' dir='ltr'>8ήκει</span> <span class='ocrx_word' id='word_1_121' title='bbox 327 1432 567 1483; x_wconf 81' lang='grc' dir='ltr'>πιστεύειν</span> <span class='ocrx_word' id='word_1_122' title='bbox 591 1434 743 1496; x_wconf 65' lang='grc' dir='ltr'>ὑμᾶς-3</span> <span class='ocrx_word' id='word_1_123' title='bbox 788 1433 942 1498; x_wconf 84' lang='grc' dir='ltr'>ἐπειδὴ</span> <span class='ocrx_word' id='word_1_124' title='bbox 969 1435 1124 1484; x_wconf 87' lang='grc' dir='ltr'>τοίνυν</span> <span class='ocrx_word' id='word_1_125' title='bbox 1152 1434 1285 1487; x_wconf 76' lang='grc' dir='ltr'>οὗτος</span> <span class='ocrx_word' id='word_1_126' title='bbox 1325 1434 1455 1488; x_wconf 80' lang='grc' dir='ltr'>εἰδὼς</span> <span class='ocrx_word' id='word_1_127' title='bbox 1493 1435 1600 1487; x_wconf 76' lang='grc' dir='ltr'>τοὺς</span> <span class='ocrx_word' id='word_1_128' title='bbox 1639 1433 1717 1484; x_wconf 89' lang='grc' dir='ltr'>νό-</span> 
     </span>
     <span class='ocr_line' id='line_1_19' title="bbox 191 1514 1773 1583; baseline 0.002 -18"><span class='ocrx_word' id='word_1_129' title='bbox 191 1537 321 1578; x_wconf 88' lang='grc' dir='ltr'>μους,</span> <span class='ocrx_word' id='word_1_130' title='bbox 360 1514 466 1567; x_wconf 60' lang='grc' dir='ltr'>1(καὶ</span> <span class='ocrx_word' id='word_1_131' title='bbox 507 1522 698 1579; x_wconf 83' lang='grc' dir='ltr'>μᾶλλον</span> <span class='ocrx_word' id='word_1_132' title='bbox 741 1516 770 1581; x_wconf 75' lang='grc' dir='ltr'>ἢ</span> <span class='ocrx_word' id='word_1_133' title='bbox 818 1521 1073 1583; x_wconf 82' lang='grc' dir='ltr'>προσῆκεν,</span> <span class='ocrx_word' id='word_1_134' title='bbox 1117 1519 1285 1571; x_wconf 83' lang='grc' dir='ltr'>ἀδίκως</span> <span class='ocrx_word' id='word_1_135' title='bbox 1329 1519 1404 1568; x_wconf 80' lang='grc' dir='ltr'>καὶ</span> <span class='ocrx_word' id='word_1_136' title='bbox 1443 1525 1715 1568; x_wconf 86' lang='grc' dir='ltr'>πλεονεκτι-</span> <span class='ocrx_word' id='word_1_137' title='bbox 1737 1548 1773 1578; x_wconf 82' lang='lat'>25</span> 
     </span>
     <span class='ocr_line' id='line_1_20' title="bbox 190 1600 1719 1668; baseline 0.001 -18"><span class='ocrx_word' id='word_1_138' title='bbox 190 1604 282 1654; x_wconf 77' lang='grc' dir='ltr'>κῶς</span> <span class='ocrx_word' id='word_1_139' title='bbox 319 1600 405 1665; x_wconf 84' lang='grc' dir='ltr'>τὴν</span> <span class='ocrx_word' id='word_1_140' title='bbox 443 1603 730 1668; x_wconf 82' lang='grc' dir='ltr'>κατηγορίαν</span> <span class='ocrx_word' id='word_1_141' title='bbox 766 1603 1029 1666; x_wconf 87' lang='grc' dir='ltr'>πεποίηται,</span> <span class='ocrx_word' id='word_1_142' title='bbox 1066 1606 1323 1668; x_wconf 82' lang='grc' dir='ltr'>ἀναγκαῖον</span> <span class='ocrx_word' id='word_1_143' title='bbox 1363 1603 1462 1665; x_wconf 77' lang='grc' dir='ltr'>ἐμοὶ</span> <span class='ocrx_word' id='word_1_144' title='bbox 1507 1604 1612 1667; x_wconf 78' lang='grc' dir='ltr'>περὶ</span> <span class='ocrx_word' id='word_1_145' title='bbox 1653 1600 1719 1652; x_wconf 77' lang='grc' dir='ltr'>ὧν</span> 
     </span>
     <span class='ocr_line' id='line_1_21' title="bbox 189 1683 1714 1755; baseline 0.001 -21"><span class='ocrx_word' id='word_1_146' title='bbox 189 1685 238 1734; x_wconf 89' lang='grc' dir='ltr'>ἐν</span> <span class='ocrx_word' id='word_1_147' title='bbox 263 1690 358 1738; x_wconf 85' lang='grc' dir='ltr'>τοῖς</span> <span class='ocrx_word' id='word_1_148' title='bbox 397 1685 619 1750; x_wconf 87' lang='grc' dir='ltr'>δημόταις</span> <span class='ocrx_word' id='word_1_149' title='bbox 658 1687 894 1752; x_wconf 81' lang='grc' dir='ltr'>ὑβρίσθην</span> <span class='ocrx_word' id='word_1_150' title='bbox 926 1692 1117 1753; x_wconf 82' lang='grc' dir='ltr'>πρῶτον</span> <span class='ocrx_word' id='word_1_151' title='bbox 1143 1691 1297 1738; x_wconf 75' lang='grc' dir='ltr'>εἰπεῖν.</span> <span class='ocrx_word' id='word_1_152' title='bbox 1339 1686 1456 1755; x_wconf 78' lang='grc' dir='ltr'>ἀξιῶ</span> <span class='ocrx_word' id='word_1_153' title='bbox 1485 1687 1538 1748; x_wconf 88' lang='grc' dir='ltr'>δ’,</span> <span class='ocrx_word' id='word_1_154' title='bbox 1566 1683 1602 1735; x_wconf 72' lang='grc' dir='ltr'><em>ὦ</em></span> <span class='ocrx_word' id='word_1_155' title='bbox 1631 1685 1714 1735; x_wconf 77' lang='grc' dir='ltr'>ἀν-</span> 
     </span>
     <span class='ocr_line' id='line_1_22' title="bbox 191 1767 1720 1837; baseline 0.001 -20"><span class='ocrx_word' id='word_1_156' title='bbox 191 1768 294 1833; x_wconf 89' lang='grc' dir='ltr'>δρες</span> <span class='ocrx_word' id='word_1_157' title='bbox 340 1769 597 1834; x_wconf 85' lang='grc' dir='ltr'>Ἀθηναῖοι,</span> <span class='ocrx_word' id='word_1_158' title='bbox 641 1770 835 1834; x_wconf 73' lang='grc' dir='ltr'>μηδέπω</span> <span class='ocrx_word' id='word_1_159' title='bbox 880 1770 966 1834; x_wconf 86' lang='grc' dir='ltr'>τὴν</span> <span class='ocrx_word' id='word_1_160' title='bbox 1010 1776 1105 1821; x_wconf 83' lang='grc' dir='ltr'>τῶν</span> <span class='ocrx_word' id='word_1_161' title='bbox 1147 1773 1364 1833; x_wconf 81' lang='grc' dir='ltr'>δημοτῶν</span> <span class='ocrx_word' id='word_1_162' title='bbox 1408 1767 1720 1837; x_wconf 74' lang='grc' dir='ltr'>ἀποψήφισιν</span> 
     </span>
     <span class='ocr_line' id='line_1_23' title="bbox 191 1852 1841 1920; baseline 0 -18"><span class='ocrx_word' id='word_1_163' title='bbox 191 1857 429 1904; x_wconf 86' lang='grc' dir='ltr'>ποιεῖσθαι</span> <span class='ocrx_word' id='word_1_164' title='bbox 467 1854 715 1920; x_wconf 89' lang='grc' dir='ltr'>τεκμήριον</span> <span class='ocrx_word' id='word_1_165' title='bbox 742 1856 873 1918; x_wconf 79' lang='grc' dir='ltr'>ὑμᾶς,</span> <span class='ocrx_word' id='word_1_166' title='bbox 901 1857 963 1908; x_wconf 88' lang='grc' dir='ltr'>ὡς</span> <span class='ocrx_word' id='word_1_167' title='bbox 995 1855 1086 1920; x_wconf 80' lang='grc' dir='ltr'>ἄρα</span> <span class='ocrx_word' id='word_1_168' title='bbox 1120 1855 1220 1920; x_wconf 71' lang='grc' dir='ltr'>οὐχὶ</span> <span class='ocrx_word' id='word_1_169' title='bbox 1254 1852 1485 1919; x_wconf 87' lang='grc' dir='ltr'>προσήκει</span> <span class='ocrx_word' id='word_1_170' title='bbox 1518 1875 1598 1915; x_wconf 94' lang='grc' dir='ltr'>μοι</span> <span class='ocrx_word' id='word_1_171' title='bbox 1637 1855 1719 1916; x_wconf 83' lang='grc' dir='ltr'>τῆς</span> <span class='ocrx_word' id='word_1_172' title='bbox 1738 1877 1751 1903; x_wconf 93' lang='lat'><em>1</em></span> <span class='ocrx_word' id='word_1_173' title='bbox 1760 1878 1841 1919; x_wconf 83' lang='lat'>301</span> 
     </span>
     <span class='ocr_line' id='line_1_24' title="bbox 151 1934 1718 2004; baseline 0.001 -19"><span class='ocrx_word' id='word_1_174' title='bbox 151 1934 386 1994; x_wconf 86' lang='grc' dir='ltr'>9πόλεως.</span> <span class='ocrx_word' id='word_1_175' title='bbox 440 1941 477 1987; x_wconf 79' lang='grc' dir='ltr'>εἰ</span> <span class='ocrx_word' id='word_1_176' title='bbox 518 1937 612 2003; x_wconf 77' lang='grc' dir='ltr'>γὰρ</span> <span class='ocrx_word' id='word_1_177' title='bbox 655 1937 791 1989; x_wconf 81' lang='grc' dir='ltr'>πάντ’</span> <span class='ocrx_word' id='word_1_178' title='bbox 834 1937 1058 2004; x_wconf 73' lang='grc' dir='ltr'>ἐνομίζετε</span> <span class='ocrx_word' id='word_1_179' title='bbox 1104 1936 1164 1989; x_wconf 80' lang='grc' dir='ltr'>τὰ</span> <span class='ocrx_word' id='word_1_180' title='bbox 1209 1938 1361 1988; x_wconf 90' lang='grc' dir='ltr'>δίκαια</span> <span class='ocrx_word' id='word_1_181' title='bbox 1405 1935 1718 2000; x_wconf 90' lang='grc' dir='ltr'>1δυνήσεσθαι</span> 
     </span>
     <span class='ocr_line' id='line_1_25' title="bbox 189 2019 1718 2087; baseline 0.003 -18"><span class='ocrx_word' id='word_1_182' title='bbox 189 2019 296 2073; x_wconf 78' lang='grc' dir='ltr'>τοὺς</span> <span class='ocrx_word' id='word_1_183' title='bbox 348 2019 553 2084; x_wconf 85' lang='grc' dir='ltr'>δημότας</span> <span class='ocrx_word' id='word_1_184' title='bbox 594 2024 835 2087; x_wconf 86' lang='grc' dir='ltr'>διακρῖναι,</span> <span class='ocrx_word' id='word_1_185' title='bbox 881 2023 964 2072; x_wconf 80' lang='grc' dir='ltr'>οὐκ</span> <span class='ocrx_word' id='word_1_186' title='bbox 1015 2020 1073 2072; x_wconf 77' lang='grc' dir='ltr'>ἂν</span> <span class='ocrx_word' id='word_1_187' title='bbox 1117 2021 1317 2072; x_wconf 84' lang='grc' dir='ltr'>ἐδώκατε</span> <span class='ocrx_word' id='word_1_188' title='bbox 1364 2020 1449 2084; x_wconf 89' lang='grc' dir='ltr'>τὴν</span> <span class='ocrx_word' id='word_1_189' title='bbox 1491 2023 1557 2072; x_wconf 81' lang='grc' dir='ltr'>εἷς</span> <span class='ocrx_word' id='word_1_190' title='bbox 1599 2021 1718 2083; x_wconf 70' lang='grc' dir='ltr'>ὑμᾶς·</span> 
     </span>
     <span class='ocr_line' id='line_1_26' title="bbox 187 2102 1744 2173; baseline 0.002 -20"><span class='ocrx_word' id='word_1_191' title='bbox 187 2103 367 2171; x_wconf 72' lang='grc' dir='ltr'>ἔφεσιν·</span> <span class='ocrx_word' id='word_1_192' title='bbox 400 2110 483 2155; x_wconf 85' lang='grc' dir='ltr'>νῦν</span> <span class='ocrx_word' id='word_1_193' title='bbox 518 2104 566 2154; x_wconf 78' lang='grc' dir='ltr'>δὲ</span> <span class='ocrx_word' id='word_1_194' title='bbox 605 2108 681 2155; x_wconf 81' lang='grc' dir='ltr'>καὶ</span> <span class='ocrx_word' id='word_1_195' title='bbox 720 2104 796 2155; x_wconf 79' lang='grc' dir='ltr'>διὰ</span> <span class='ocrx_word' id='word_1_196' title='bbox 833 2106 1124 2173; x_wconf 84' lang='grc' dir='ltr'>φιλονεικίαν</span> <span class='ocrx_word' id='word_1_197' title='bbox 1157 2108 1271 2155; x_wconf 65' lang='grc' dir='ltr'>ῐιὶκαὶ</span> <span class='ocrx_word' id='word_1_198' title='bbox 1311 2104 1386 2155; x_wconf 82' lang='grc' dir='ltr'>διὰ</span> <span class='ocrx_word' id='word_1_199' title='bbox 1422 2102 1602 2171; x_wconf 85' lang='grc' dir='ltr'>φθόνον</span> <span class='ocrx_word' id='word_1_200' title='bbox 1640 2106 1744 2156; x_wconf 69' lang='grc' dir='ltr'>καῖε</span> 
     </span>
     <span class='ocr_line' id='line_1_27' title="bbox 189 2188 1714 2257; baseline 0.001 -19"><span class='ocrx_word' id='word_1_201' title='bbox 189 2190 248 2238; x_wconf 87' lang='grc' dir='ltr'>δι’</span> <span class='ocrx_word' id='word_1_202' title='bbox 276 2189 452 2255; x_wconf 77' lang='grc' dir='ltr'>ἔχθραν</span> <span class='ocrx_word' id='word_1_203' title='bbox 490 2191 565 2239; x_wconf 75' lang='grc' dir='ltr'>καὶ</span> <span class='ocrx_word' id='word_1_204' title='bbox 605 2190 659 2239; x_wconf 90' lang='grc' dir='ltr'>δι’</span> <span class='ocrx_word' id='word_1_205' title='bbox 694 2190 850 2243; x_wconf 78' lang='grc' dir='ltr'>ἄλλας</span> <span class='ocrx_word' id='word_1_206' title='bbox 887 2188 1154 2257; x_wconf 87' lang='grc' dir='ltr'>προφάσεις</span> <span class='ocrx_word' id='word_1_207' title='bbox 1192 2189 1394 2239; x_wconf 63' lang='grc' dir='ltr'>ε”σεσθαί</span> <span class='ocrx_word' id='word_1_208' title='bbox 1423 2211 1467 2238; x_wconf 89' lang='grc' dir='ltr'>τι</span> <span class='ocrx_word' id='word_1_209' title='bbox 1504 2193 1714 2239; x_wconf 81' lang='grc' dir='ltr'>τοιοῦτον</span> 
     </span>
     <span class='ocr_line' id='line_1_28' title="bbox 185 2269 1708 2336; baseline -0.001 -14"><span class='ocrx_word' id='word_1_210' title='bbox 185 2271 432 2336; x_wconf 82' lang='grc' dir='ltr'>ἡγούμενοι</span> <span class='ocrx_word' id='word_1_211' title='bbox 470 2272 554 2336; x_wconf 90' lang='grc' dir='ltr'>τὴν</span> <span class='ocrx_word' id='word_1_212' title='bbox 582 2277 644 2326; x_wconf 77' lang='grc' dir='ltr'>εἰς</span> <span class='ocrx_word' id='word_1_213' title='bbox 679 2274 796 2335; x_wconf 83' lang='grc' dir='ltr'>ὑμᾶς</span> <span class='ocrx_word' id='word_1_214' title='bbox 829 2277 926 2326; x_wconf 83' lang='grc' dir='ltr'>τοῖς</span> <span class='ocrx_word' id='word_1_215' title='bbox 957 2274 1245 2336; x_wconf 80' lang='grc' dir='ltr'>ἀδικηθεῖσιν</span> <span class='ocrx_word' id='word_1_216' title='bbox 1271 2269 1523 2334; x_wconf 85' lang='grc' dir='ltr'>ἐποιήσατε</span> <span class='ocrx_word' id='word_1_217' title='bbox 1562 2293 1708 2320; x_wconf 89' lang='grc' dir='ltr'>κατα-</span> 
     </span>
     <span class='ocr_line' id='line_1_29' title="bbox 186 2352 1712 2422; baseline -0.001 -17"><span class='ocrx_word' id='word_1_218' title='bbox 186 2355 358 2422; x_wconf 87' lang='grc' dir='ltr'>φυγὴν,</span> <span class='ocrx_word' id='word_1_219' title='bbox 386 2357 441 2406; x_wconf 87' lang='grc' dir='ltr'>δι’</span> <span class='ocrx_word' id='word_1_220' title='bbox 470 2355 528 2420; x_wconf 82' lang='grc' dir='ltr'>ἣν</span> <span class='ocrx_word' id='word_1_221' title='bbox 563 2361 720 2410; x_wconf 80' lang='grc' dir='ltr'>καλῶς</span> <span class='ocrx_word' id='word_1_222' title='bbox 758 2362 1011 2418; x_wconf 83' lang='grc' dir='ltr'>ποιοῦντες,</span> <span class='ocrx_word' id='word_1_223' title='bbox 1039 2354 1075 2405; x_wconf 75' lang='grc' dir='ltr'>(ἶ)</span> <span class='ocrx_word' id='word_1_224' title='bbox 1114 2355 1277 2421; x_wconf 75' lang='grc' dir='ltr'>ἄνδρες</span> <span class='ocrx_word' id='word_1_225' title='bbox 1311 2356 1567 2418; x_wconf 86' lang='grc' dir='ltr'>Ἀθηναῖοι,</span> <span class='ocrx_word' id='word_1_226' title='bbox 1604 2352 1712 2408; x_wconf 74' lang='grc' dir='ltr'>τοὺς</span> 
     </span>
    </p>

    <p class='ocr_par' dir='ltr' id='par_1_11' title="bbox 122 2436 1764 2842">
     <span class='ocr_line' id='line_1_30' title="bbox 122 2436 1711 2504; baseline -0.001 -16"><span class='ocrx_word' id='word_1_227' title='bbox 122 2439 484 2503; x_wconf 76' lang='grc' dir='ltr'>ιοήδικημένους</span> <span class='ocrx_word' id='word_1_228' title='bbox 529 2438 776 2493; x_wconf 64' lang='grc' dir='ltr'>Πᾶπαντας</span> <span class='ocrx_word' id='word_1_229' title='bbox 821 2439 1083 2490; x_wconf 83' lang='grc' dir='ltr'>σεσώκατε.</span> <span class='ocrx_word' id='word_1_230' title='bbox 1148 2442 1338 2504; x_wconf 79' lang='grc' dir='ltr'>πρῶτον</span> <span class='ocrx_word' id='word_1_231' title='bbox 1388 2437 1473 2502; x_wconf 76' lang='grc' dir='ltr'>μὲν</span> <span class='ocrx_word' id='word_1_232' title='bbox 1524 2438 1606 2488; x_wconf 77' lang='grc' dir='ltr'>οὖν</span> <span class='ocrx_word' id='word_1_233' title='bbox 1658 2436 1711 2488; x_wconf 74' lang='grc' dir='ltr'>ὃν</span> 
     </span>
     <span class='ocr_line' id='line_1_31' title="bbox 183 2521 1764 2590; baseline -0.001 -17"><span class='ocrx_word' id='word_1_234' title='bbox 183 2522 361 2588; x_wconf 89' lang='grc' dir='ltr'>τρόπον</span> <span class='ocrx_word' id='word_1_235' title='bbox 387 2525 436 2574; x_wconf 83' lang='grc' dir='ltr'>ἐν</span> <span class='ocrx_word' id='word_1_236' title='bbox 460 2529 556 2577; x_wconf 89' lang='grc' dir='ltr'>τοῖς</span> <span class='ocrx_word' id='word_1_237' title='bbox 583 2523 805 2587; x_wconf 90' lang='grc' dir='ltr'>δημόταις</span> <span class='ocrx_word' id='word_1_238' title='bbox 831 2523 1010 2587; x_wconf 74' lang='grc' dir='ltr'>συνέβη</span> <span class='ocrx_word' id='word_1_239' title='bbox 1044 2521 1128 2585; x_wconf 88' lang='grc' dir='ltr'>τὴν</span> <span class='ocrx_word' id='word_1_240' title='bbox 1155 2521 1448 2590; x_wconf 79' lang='grc' dir='ltr'>διαψήφισιν</span> <span class='ocrx_word' id='word_1_241' title='bbox 1474 2521 1706 2586; x_wconf 73' lang='grc' dir='ltr'>γενέσθαι,</span> <span class='ocrx_word' id='word_1_242' title='bbox 1726 2550 1764 2571; x_wconf 83' lang='lat'>10</span> 
     </span>
     <span class='ocr_line' id='line_1_32' title="bbox 183 2603 1709 2673; baseline -0.001 -17"><span class='ocrx_word' id='word_1_243' title='bbox 183 2606 360 2673; x_wconf 89' lang='grc' dir='ltr'>φράσω</span> <span class='ocrx_word' id='word_1_244' title='bbox 399 2606 517 2672; x_wconf 78' lang='grc' dir='ltr'>πρὸς</span> <span class='ocrx_word' id='word_1_245' title='bbox 560 2609 689 2670; x_wconf 84' lang='grc' dir='ltr'>ὑμᾶς·</span> <span class='ocrx_word' id='word_1_246' title='bbox 730 2605 783 2657; x_wconf 81' lang='grc' dir='ltr'>τὸ</span> <span class='ocrx_word' id='word_1_247' title='bbox 828 2605 921 2672; x_wconf 75' lang='grc' dir='ltr'>γὰρ</span> <span class='ocrx_word' id='word_1_248' title='bbox 965 2610 1026 2658; x_wconf 77' lang='grc' dir='ltr'>εἷς</span> <span class='ocrx_word' id='word_1_249' title='bbox 1062 2603 1175 2655; x_wconf 79' lang='grc' dir='ltr'>αὐτὸ</span> <span class='ocrx_word' id='word_1_250' title='bbox 1217 2605 1271 2655; x_wconf 80' lang='grc' dir='ltr'>τὸ</span> <span class='ocrx_word' id='word_1_251' title='bbox 1314 2610 1514 2670; x_wconf 83' lang='grc' dir='ltr'>πρᾶγμα</span> <span class='ocrx_word' id='word_1_252' title='bbox 1553 2603 1709 2655; x_wconf 87' lang='grc' dir='ltr'>πάντα</span> 
     </span>
     <span class='ocr_line' id='line_1_33' title="bbox 182 2687 1708 2755; baseline -0.002 -16"><span class='ocrx_word' id='word_1_253' title='bbox 182 2690 338 2754; x_wconf 76' lang='grc' dir='ltr'>λε’γειν</span> <span class='ocrx_word' id='word_1_254' title='bbox 377 2692 499 2740; x_wconf 82' lang='grc' dir='ltr'>τοῦτ’</span> <span class='ocrx_word' id='word_1_255' title='bbox 541 2689 668 2755; x_wconf 73' lang='grc' dir='ltr'>Οέγὼ</span> <span class='ocrx_word' id='word_1_256' title='bbox 711 2688 1050 2752; x_wconf 84' lang='grc' dir='ltr'>ὑπολαμβάνω,</span> <span class='ocrx_word' id='word_1_257' title='bbox 1099 2687 1193 2738; x_wconf 80' lang='grc' dir='ltr'>ὅσα</span> <span class='ocrx_word' id='word_1_258' title='bbox 1232 2711 1301 2741; x_wconf 88' lang='grc' dir='ltr'>τις</span> <span class='ocrx_word' id='word_1_259' title='bbox 1341 2687 1473 2754; x_wconf 79' lang='grc' dir='ltr'>παρὰ</span> <span class='ocrx_word' id='word_1_260' title='bbox 1517 2687 1570 2737; x_wconf 82' lang='grc' dir='ltr'>τὸ</span> <span class='ocrx_word' id='word_1_261' title='bbox 1609 2687 1708 2755; x_wconf 79' lang='grc' dir='ltr'>ψή-</span> 
     </span>
     <span class='ocr_line' id='line_1_34' title="bbox 182 2771 1522 2842; baseline -0.002 -19"><span class='ocrx_word' id='word_1_262' title='bbox 182 2778 343 2842; x_wconf 88' lang='grc' dir='ltr'>φισμα</span> <span class='ocrx_word' id='word_1_263' title='bbox 368 2773 600 2824; x_wconf 79' lang='grc' dir='ltr'>πέπονθεν</span> <span class='ocrx_word' id='word_1_264' title='bbox 625 2774 795 2826; x_wconf 84' lang='grc' dir='ltr'>ἀδίκως</span> <span class='ocrx_word' id='word_1_265' title='bbox 825 2773 1259 2824; x_wconf 76' lang='grc' dir='ltr'>καταστασιασθεὶς</span> <span class='ocrx_word' id='word_1_266' title='bbox 1284 2771 1522 2839; x_wconf 79' lang='grc' dir='ltr'>ἐπιδεῖξαι.</span> 
     </span>
    </p>
   </div>
   <div class='ocr_carea' id='block_1_11' title="bbox 180 2875 1704 3085">
    <p class='ocr_par' dir='ltr' id='par_1_12' title="bbox 180 2875 1704 3085">
     <span class='ocr_line' id='line_1_35' title="bbox 236 2875 1700 2925; baseline -0.001 -12"><span class='ocrx_word' id='word_1_267' title='bbox 236 2877 254 2904; x_wconf 77' lang='lat' dir='ltr'>d</span> <span class='ocrx_word' id='word_1_268' title='bbox 274 2879 471 2925; x_wconf 80' lang='grc' dir='ltr'>γενοίμεθα]</span> <span class='ocrx_word' id='word_1_269' title='bbox 495 2880 667 2924; x_wconf 82' lang='grc' dir='ltr'>γενώμεθα</span> <span class='ocrx_word' id='word_1_270' title='bbox 683 2881 755 2914; x_wconf 63' lang='lat' dir='ltr'>As.</span> <span class='ocrx_word' id='word_1_271' title='bbox 831 2886 846 2904; x_wconf 71' lang='grc' dir='ltr'>θ</span> <span class='ocrx_word' id='word_1_272' title='bbox 864 2879 935 2925; x_wconf 82' lang='grc' dir='ltr'>ἐπὶ]</span> <span class='ocrx_word' id='word_1_273' title='bbox 960 2879 994 2913; x_wconf 82' lang='grc' dir='ltr'>ἐν</span> <span class='ocrx_word' id='word_1_274' title='bbox 1015 2880 1086 2912; x_wconf 64' lang='lat' dir='ltr'>Am.</span> <span class='ocrx_word' id='word_1_275' title='bbox 1175 2875 1189 2902; x_wconf 85' lang='lat' dir='ltr'>f</span> <span class='ocrx_word' id='word_1_276' title='bbox 1207 2877 1227 2910; x_wconf 79' lang='grc' dir='ltr'><strong><em>ίῖ</em></strong></span> <span class='ocrx_word' id='word_1_277' title='bbox 1246 2878 1303 2925; x_wconf 75' lang='grc' dir='ltr'>γε]</span> <span class='ocrx_word' id='word_1_278' title='bbox 1327 2877 1388 2921; x_wconf 75' lang='grc' dir='ltr'>ἆγε</span> <span class='ocrx_word' id='word_1_279' title='bbox 1408 2877 1448 2920; x_wconf 85' lang='grc' dir='ltr'>δὴ</span> <span class='ocrx_word' id='word_1_280' title='bbox 1469 2889 1495 2910; x_wconf 92' lang='lat' dir='ltr'>r.</span> <span class='ocrx_word' id='word_1_281' title='bbox 1593 2881 1613 2909; x_wconf 73' lang='lat' dir='ltr'>g</span> <span class='ocrx_word' id='word_1_282' title='bbox 1633 2876 1700 2922; x_wconf 84' lang='grc' dir='ltr'>τις]</span> 
     </span>
     <span class='ocr_line' id='line_1_36' title="bbox 180 2928 1703 2979; baseline -0.003 -13"><span class='ocrx_word' id='word_1_283' title='bbox 180 2947 212 2966; x_wconf 88' lang='grc' dir='ltr'>τι</span> <span class='ocrx_word' id='word_1_284' title='bbox 232 2934 306 2967; x_wconf 61' lang='lat' dir='ltr'>Am.</span> <span class='ocrx_word' id='word_1_285' title='bbox 405 2930 424 2957; x_wconf 77' lang='lat' dir='ltr'>h</span> <span class='ocrx_word' id='word_1_286' title='bbox 444 2931 676 2978; x_wconf 80' lang='grc' dir='ltr'>ἀνυπευθύνῳ]</span> <span class='ocrx_word' id='word_1_287' title='bbox 701 2932 741 2966; x_wconf 87' lang='grc' dir='ltr'>ἂν</span> <span class='ocrx_word' id='word_1_288' title='bbox 762 2931 936 2979; x_wconf 76' lang='grc' dir='ltr'>ὑπευθύνῳ</span> <span class='ocrx_word' id='word_1_289' title='bbox 957 2932 1114 2967; x_wconf 82' lang='lat' dir='ltr'>A.F.S.r.</span> <span class='ocrx_word' id='word_1_290' title='bbox 1219 2928 1227 2955; x_wconf 70' lang='lat' dir='ltr'>i</span> <span class='ocrx_word' id='word_1_291' title='bbox 1247 2945 1285 2974; x_wconf 83' lang='grc' dir='ltr'>γε</span> <span class='ocrx_word' id='word_1_292' title='bbox 1306 2930 1460 2976; x_wconf 78' lang='grc' dir='ltr'>λέγοντι]</span> <span class='ocrx_word' id='word_1_293' title='bbox 1484 2928 1516 2974; x_wconf 80' lang='grc' dir='ltr'>γ’</span> <span class='ocrx_word' id='word_1_294' title='bbox 1537 2928 1609 2962; x_wconf 75' lang='grc' dir='ltr'>ὅντι</span> <span class='ocrx_word' id='word_1_295' title='bbox 1629 2930 1703 2962; x_wconf 66' lang='lat' dir='ltr'>As.</span> 
     </span>
     <span class='ocr_line' id='line_1_37' title="bbox 181 2982 1704 3031; baseline -0.003 -11"><span class='ocrx_word' id='word_1_296' title='bbox 181 2983 201 3010; x_wconf 75' lang='lat' dir='ltr'>k</span> <span class='ocrx_word' id='word_1_297' title='bbox 223 2988 275 3020; x_wconf 81' lang='grc' dir='ltr'>καὶ</span> <span class='ocrx_word' id='word_1_298' title='bbox 291 2998 360 3020; x_wconf 91' lang='lat' dir='ltr'>om.</span> <span class='ocrx_word' id='word_1_299' title='bbox 382 2987 455 3020; x_wconf 62' lang='lat' dir='ltr'>Am.</span> <span class='ocrx_word' id='word_1_300' title='bbox 545 2983 555 3010; x_wconf 82' lang='grc' dir='ltr'>Ῑ</span> <span class='ocrx_word' id='word_1_301' title='bbox 576 2985 800 3031; x_wconf 79' lang='grc' dir='ltr'>δυνήσεσθαι]</span> <span class='ocrx_word' id='word_1_302' title='bbox 824 2985 986 3020; x_wconf 78' lang='grc' dir='ltr'>δύνεσθαι</span> <span class='ocrx_word' id='word_1_303' title='bbox 1006 2986 1048 3019; x_wconf 81' lang='grc' dir='ltr'>Α.</span> <span class='ocrx_word' id='word_1_304' title='bbox 1081 2983 1247 3018; x_wconf 74' lang='grc' dir='ltr'>δύνασθαι</span> <span class='ocrx_word' id='word_1_305' title='bbox 1269 2995 1295 3016; x_wconf 89' lang='lat' dir='ltr'>r.</span> <span class='ocrx_word' id='word_1_306' title='bbox 1381 2989 1410 3007; x_wconf 80' lang='lat'>¹¹¹</span> <span class='ocrx_word' id='word_1_307' title='bbox 1431 2984 1483 3016; x_wconf 78' lang='grc' dir='ltr'>καὶ</span> <span class='ocrx_word' id='word_1_308' title='bbox 1503 2982 1556 3015; x_wconf 83' lang='grc' dir='ltr'>διὰ</span> <span class='ocrx_word' id='word_1_309' title='bbox 1573 2983 1704 3027; x_wconf 82' lang='grc' dir='ltr'>φθόνον</span> 
     </span>
     <span class='ocr_line' id='line_1_38' title="bbox 180 3036 1505 3085; baseline -0.002 -13"><span class='ocrx_word' id='word_1_310' title='bbox 180 3039 298 3073; x_wconf 85' lang='lat' dir='ltr'>addita</span> <span class='ocrx_word' id='word_1_311' title='bbox 318 3051 360 3074; x_wconf 84' lang='lat' dir='ltr'>ex</span> <span class='ocrx_word' id='word_1_312' title='bbox 383 3039 498 3074; x_wconf 83' lang='lat' dir='ltr'><strong>A.S.r.</strong></span> <span class='ocrx_word' id='word_1_313' title='bbox 611 3045 629 3062; x_wconf 77' lang='lat'>¹¹</span> <span class='ocrx_word' id='word_1_314' title='bbox 651 3038 818 3085; x_wconf 79' lang='grc' dir='ltr'>ἅπαντας]</span> <span class='ocrx_word' id='word_1_315' title='bbox 844 3038 988 3073; x_wconf 77' lang='grc' dir='ltr'>ἅπαντες</span> <span class='ocrx_word' id='word_1_316' title='bbox 1009 3039 1044 3072; x_wconf 88' lang='lat' dir='ltr'>S.</span> <span class='ocrx_word' id='word_1_317' title='bbox 1157 3041 1174 3060; x_wconf 90' lang='lat'>⁰</span> <span class='ocrx_word' id='word_1_318' title='bbox 1196 3036 1280 3081; x_wconf 77' lang='grc' dir='ltr'>ἐγὼ]</span> <span class='ocrx_word' id='word_1_319' title='bbox 1306 3036 1412 3081; x_wconf 77' lang='grc' dir='ltr'>ἔγωγε</span> <span class='ocrx_word' id='word_1_320' title='bbox 1433 3037 1505 3069; x_wconf 66' lang='grc' dir='ltr'>Ατ-</span> 
     </span>
    </p>
   </div>
  </div>
 </body>
</html>
