2009 3286
176 932 234 972 44

177 1448 231 1488 45

178 2094 233 2144 46

242 212 355 251 1380
773 205 1243 262 [ΔΗΜΟΣΘΕΝΟΎΣ]
1355 206 1436 245 οε.
1458 204 1589 244 LIX.
1616 219 1654 259 p.
1676 203 1794 257 1356,
1814 219 1887 243 1—-

242 324 496 391 ἰπανταχοῖ
542 323 797 389 ἐπορεύετο,
851 321 968 372 ὅπου
1019 323 1158 382 πίνοι,
1205 319 1414 384 ἐκώμαζέ
1458 321 1495 369 τ’
1547 320 1615 368 ἀεὶ
1665 320 1760 379 μετ’
1784 341 1791 366 ι
1803 329 1887 381 356

242 411 399 472 αὐτοῦ,
427 411 577 471 συνῆν
611 412 652 457 τ’
681 409 902 474 ἐμφανῶς
929 404 1070 456 ὁπότε
1096 405 1353 468 βουληθείη
1392 407 1650 469 πανταχοῦ,
1678 406 1761 469 φι-

243 494 462 557 λοτιμίαν
485 492 570 556 τὴν
596 491 817 560 ἐξουσίαν
841 490 959 556 πρὸς
985 488 1092 543 τοὺς
1119 491 1325 555 ὁρῶντας
1351 487 1638 550 ποιούμενος.
1691 487 1766 535 καὶ

245 580 306 630 ὡς
333 577 514 629 ἄλλους
546 598 594 626 τε
630 573 842 626 πολλοὺς
877 575 951 624 ἐπὶ
987 578 1142 635 κῶμον
1178 572 1297 639 ἔχων
1332 571 1475 635 ἦλθεν
1512 568 1656 632 αὐτὴν
1690 571 1764 618 καὶ

261 664 272 678 e
357 659 377 686 k
541 661 551 676 ι
683 658 696 672 x
779 657 786 684 1
848 662 855 672 ι
973 656 984 672 t
1072 656 1092 673 es
1203 658 1211 671 ›
1248 657 1258 673 J
1361 657 1370 671 s
1407 658 1419 671 x
1675 654 1684 669 r

245 685 307 715 ως
385 664 606 726 Χαβριαν
651 681 733 709 τον
797 657 1024 726 Αιξωνεα,
1069 679 1144 707 οτε
1190 679 1314 706 ενικα
1349 679 1421 706 επι
1465 657 1792 718 Σωκρατιδουῖ,

245 745 472 812 ἄρχοντος
510 742 569 794 τὰ
610 742 767 793 Πύθια
811 746 878 810 τῷ
918 742 1172 808 τεθρίππῳ,
1219 739 1243 790 ’ὸ
1279 740 1468 805 ἐπρίατο
1508 737 1638 803 παρὰ
1672 742 1765 787 τῶν

243 829 425 879 παίδων
451 836 479 854 ¹¹¹
491 832 586 877 τῶν
613 827 824 878 ΠΝΙίτυος
859 831 941 874 τοῦ
968 825 1197 889 Ἀργείου,
1225 826 1301 874 καὶ
1326 824 1450 886 ἥκων
1476 824 1525 872 ἐκ
1553 826 1765 889 Δελφῶν

245 914 424 964 οεὶστία
450 910 506 962 τὰ
534 911 732 962 ἐπινίκια
765 911 839 960 ἐπὶ
870 907 1099 959 Κωλιάδι.
1152 909 1227 957 καὶ
1253 908 1346 957 ἐκεῖ
1371 906 1512 955 ἄλλοι
1548 927 1597 954 τε
1635 911 1760 955 πολ-

245 998 322 1046 λοὶ
348 994 685 1059 συνεγίγνοντο
713 994 829 1059 αὐτῇ
856 991 1097 1058 μεθυούσῃ
1119 989 1423 1042 καθεύδοντος
1450 994 1531 1039 τοῦ
1553 989 1762 1054 Φρυνίω-
1780 1015 1818 1035 10

245 1103 335 1142 νος,
375 1081 449 1130 καὶ
496 1083 537 1129 οἱ
583 1077 786 1128 διάκονοι
829 1080 870 1126 οἱ
906 1075 1124 1141 Χαβρίου
1165 1073 1396 1140 τράπεζαν
1432 1072 1762 1139 παραθέμενοι.

246 1166 321 1215 καὶ
360 1163 428 1214 ὅτι
468 1164 594 1214 ταῦτ’
624 1164 781 1225 ἀληθῆ
822 1160 961 1225 λέγω,
989 1159 1096 1212 τοὺς
1135 1160 1341 1224 ὁρῶντας
1382 1160 1487 1219 ὑμῖν
1527 1158 1601 1207 καὶ
1639 1179 1761 1222 παρ-

246 1248 384 1302 όντας
436 1248 674 1314 μάρτυρας
724 1246 1003 1314 παρέξομαι.
1064 1245 1143 1294 καί
1190 1267 1268 1306 μοι
1322 1243 1453 1293 κάλει
1503 1242 1767 1304 ΡΧιωνίδην

247 1334 583 1387 ἿΞυπεταιῶνα
609 1334 683 1382 καὶ
711 1331 979 1382 Εὐθετίωνα
1000 1332 1345 1392 1’Κυδαθηναιᾶι.

840 1439 855 1458 S
870 1435 1176 1476 MAPTTPIA.

362 1522 551 1571 Χιωνίδης
600 1520 868 1562 ἵΞυπεταιὼν,
916 1517 1112 1557 Εὐθετίων
1160 1523 1179 1540 “
1196 1515 1483 1566 Κυδαθηναιεὺς
1525 1516 1814 1565 μαρτυροῦσιιε.

305 1592 495 1639 κληθῆναι
525 1589 599 1628 ὑπὸ
631 1588 811 1638 Χαβρίου
846 1587 908 1626 ἐπὶ
939 1589 1111 1631 δεῖπνον,
1145 1585 1209 1624 ὅτε
1243 1586 1290 1624 τὰ
1323 1584 1490 1623 ἐπινίκια
1523 1583 1649 1622 εἱστία
1679 1585 1762 1621 Χα-

303 1660 420 1709 βρίας
450 1660 514 1707 τῆς
546 1657 650 1706 νίκης
680 1658 747 1694 τοῦ
777 1653 960 1705 ἅρματος,
984 1653 1045 1693 καὶ
1072 1654 1293 1692 εἱστιᾶσθαι
1322 1651 1384 1690 ἐπὶ
1406 1649 1594 1698 Κωλιάδι,
1617 1651 1678 1689 καὶ
1710 1651 1762 1688 εἰ-

305 1724 413 1765 δέναι
448 1725 655 1775 Φρυνίωνα
689 1723 864 1773 παρόντα
894 1723 936 1760 ἐν
966 1721 1017 1774 τῷ
1054 1721 1195 1773 δείπνῳ
1232 1720 1386 1772 Χτούτῳ
1416 1718 1559 1770 ἔχοντα
1589 1717 1763 1767 Νέαιραν
1778 1732 1819 1753 20

304 1793 373 1842 τὴν
405 1793 489 1832 νυνὶ
519 1789 821 1843 ἀγωνιζομένην,
850 1789 910 1828 καὶ
942 1788 1143 1828 καθεύδειν
1171 1790 1277 1838 σφᾶς
1304 1786 1440 1827 αὐτοὺς
1472 1785 1532 1825 καὶ
1559 1785 1766 1835 Φρυνίωνα

306 1860 366 1900 καὶ
403 1859 594 1910 Νέαιραν,
635 1857 697 1897 καὶ
732 1856 992 1897 αἰσθάνεσθαι
1027 1864 1046 1892 y
1061 1855 1169 1895 αὐτοὶ
1205 1852 1487 1903 ἀνισταμένους
1526 1855 1592 1902 τῆς
1633 1852 1768 1893 νυκτὸς

303 1928 400 1979 πρὸς
422 1926 599 1977 Νέαιραν
621 1926 768 1966 ἄλλους
798 1940 840 1963 τε
869 1924 930 1963 καὶ
951 1926 1028 1963 τῶν
1049 1923 1240 1963 διακόνων
1261 1923 1382 1967 τινὰς,
1406 1921 1442 1960 οἳ
1462 1920 1566 1970 ἦσαν
1588 1921 1767 1970 Χαβρίου

304 1992 462 2032 οἰκέται.

320 2077 513 2142 Ἐπειδὴ
540 2077 695 2127 τοίνυν
721 2077 942 2140 ἀσελγῶς
973 2073 1376 2141 προύπηλακίζετο
1403 2071 1492 2122 ὑπὸ
1519 2076 1602 2122 τοῦ
1629 2074 1759 2135 Φρυ-
1779 2093 1816 2123 25

248 2163 409 2215 νίωνος
449 2163 523 2211 καὶ
557 2161 644 2227 οὐχ
677 2162 738 2212 ὡς
772 2157 886 2226 ᾤετο
925 2159 1156 2223 ἠγαπᾶτο,
1185 2159 1277 2208 οὐδ’
1308 2155 1519 2221 ὑπηρέτει
1553 2156 1696 2221 Ζαύτῇ
1737 2151 1767 2203 ἂ

247 2246 485 2307 ἐβούλετο,
532 2242 927 2305 συσκευασαμένη
971 2243 1112 2291 αὐτοῦ
1154 2240 1213 2290 τὰ
1255 2243 1327 2290 ἢέκ
1377 2243 1460 2302 τῆς
1502 2240 1643 2291 οἰκίας
1692 2240 1767 2288 καὶ

250 2330 344 2380 ὅσα
382 2327 440 2392 ἧν
478 2330 594 2395 αὐτῇ
635 2329 708 2377 ὑπ’
738 2327 910 2376 ἐκείνου
948 2328 1053 2391 περὶ
1087 2325 1141 2375 τὸ
1174 2329 1316 2387 σῶμα
1356 2322 1769 2385 κατεσκευασμένα

249 2412 407 2477 ἱμάτια
457 2414 530 2462 καὶ
581 2411 770 2477 χρυσία,
822 2411 897 2458 καὶ
948 2409 1227 2474 θεραπαίνας
1280 2408 1375 2469 δύο,
1423 2411 1647 2475 Θρᾷτταν
1692 2407 1767 2455 καὶ

303 2596 311 2622 i
340 2596 649 2641 πανταχοῖ-ὅπου
682 2596 866 2630 Reiskius:
898 2595 975 2629 libri
1002 2593 1322 2638 πανταχοῦ-ὅποι.
1447 2591 1462 2614 k
1499 2592 1669 2638 Χαβρίαν]
1703 2607 1764 2636 γα-

247 2652 348 2696 βρίαν
369 2651 412 2684 Ο.
526 2648 535 2676 l
556 2649 721 2694 Αἷξωνὲα]
742 2650 865 2693 ἐξωνέα
883 2649 918 2683 S.
1042 2654 1070 2672 ¹¹¹
1092 2650 1158 2680 τῶν
1178 2653 1257 2693 post
1276 2647 1404 2680 παίδων
1424 2658 1494 2680 0111.
1517 2659 1545 2679 r.
1663 2650 1675 2664 '¹
1701 2646 1765 2679 Μί-

246 2704 344 2750 τυος]
369 2718 478 2748 μιτιος
500 2703 585 2741 S.Q.
742 2707 759 2725 0
789 2701 916 2747 εἱστία]
950 2700 1044 2735 ’ἱστία
1074 2714 1126 2746 pr.
1151 2701 1186 2734 S.
1218 2701 1417 2746 pariterque
1446 2700 1499 2733 bis
1523 2699 1613 2732 infra
1637 2699 1673 2732 in
1698 2699 1765 2732 hoc

247 2758 364 2791 vel-bo.
504 2762 521 2790 Ρ
541 2754 722 2799 Χιωνίδην]
744 2754 894 2799 χιονίδην
916 2754 1077 2789 Y.O.1·.V.
1206 2760 1226 2786 q
1246 2753 1479 2798 Ξυπεταιῶνα]
1505 2752 1713 2797 ξυπετιιίωνα
1733 2763 1762 2785 r.

247 2811 475 2855 ἐξυπεταιῶνα
494 2822 524 2843 ν.
664 2812 675 2827 r
695 2808 896 2851 κυδαθηναιᾶ
919 2808 951 2841 S.
982 2808 1048 2841 nisi
1068 2807 1162 2853 quod
1183 2812 1365 2840 accentum
1386 2806 1517 2840 omittit
1538 2810 1573 2839 et
1592 2806 1728 2838 literam
1749 2819 1764 2837 ε

248 2876 268 2896 a
284 2875 330 2897 m.
348 2875 415 2897 rec.
440 2875 544 2908 super
564 2876 596 2895 αι
612 2862 728 2895 habet.
762 2860 987 2903 Κυδαθηναιεά
1008 2861 1125 2905 vulgo.
1156 2860 1237 2894 Vid.
1261 2861 1303 2893 ad
1323 2872 1358 2904 p.
1378 2867 1464 2905 743,
1488 2868 1544 2903 17.
1626 2862 1640 2881 5
1659 2863 1764 2890 ΜΑΡ-

247 2916 391 2962 ΤΥΡΙΛ]
417 2916 582 2961 μάρτυρες
602 2927 633 2949 v.
744 2912 758 2938 t
779 2913 990 2959 Ξυπεταιὼν]
1016 2913 1220 2958 ἐξυπεταίων
1235 2925 1266 2946 v.
1380 2918 1397 2936 U
1421 2909 1682 2955 Κυδαθηναιεὺς]
1708 2924 1763 2943 κυ-

247 2969 405 3012 δαθηνευς
429 2969 463 3002 S.
575 2973 593 2992 Χ
613 2966 739 3014 τούτῳ]
761 2965 884 3000 τούτου
906 2967 945 3000 F.
1049 2973 1067 2999 Y
1087 2966 1199 3011 αὐτοὶ]
1225 2966 1306 3008 αὐτῆ
1328 2978 1355 2999 r.
1459 2970 1476 2988 Ζ
1497 2963 1598 3008 αὐτῇ]
1624 2964 1713 3009 αὐτῷ
1732 2975 1763 2996 v,

248 3026 267 3045 a
287 3021 338 3066 ἐκ]
363 3022 417 3055 ἐπὶ
436 3021 565 3055 Y.O.v.
