2009 3286
255 200 368 243 1190
773 203 1204 241 ΔΗΜΟΣΘΕΝΟΎΣ
1285 202 1368 242 οη.
1388 201 1616 243 XLVIII.
1635 218 1675 259 p.
1694 204 1935 255 1164,17-

255 310 349 377 γάρ
375 311 702 377 διηγήσασθαι
741 313 824 363 οὐκ
863 311 921 363 ἂν
959 313 1116 364 ἱκανόν
1150 337 1229 377 μοι
1254 315 1435 379 γένοιτο
1473 313 1528 366 τὸ
1560 316 1698 381 ὕδωρ,
1723 316 1777 366 ἵν’

253 395 302 444 ἐκ
341 393 520 445 τούτων
559 393 782 445 ἁπάντων
821 394 1131 463 σκεψάμενοι,
1171 401 1266 447 τῶν
1311 419 1361 447 τε
1399 397 1665 465 λεχθέντων
1707 401 1781 448 καὶ

254 482 348 527 τῶν
381 476 786 543 μαρτυρουμένων,
815 479 954 528 ὁσίαν
986 480 1062 528 καὶ
1097 480 1278 530 δικαίαν
1318 480 1432 547 ὑπὲρ
1473 483 1602 544 ὑμῶν
1627 482 1781 532 αὐτῶν

255 563 451 623 τιθῆσθε
477 560 562 625 τὴν
588 563 773 628 ψῆφον.
814 561 924 627 λέγε
950 561 1033 614 τὰς
1059 565 1331 629 μαρτυρίας.
1796 582 1835 603 ²0

840 664 856 683 Γ
870 660 1198 703 MAPTTPIAI.

832 817 1201 845 w—

958 970 1085 1017 MH.

346 1105 571 1157 ΚΑΤΑ
622 1105 1296 1159 ΟΛΤΜΠΙΟΔΩΡΟΤ
1346 1108 1702 1159 ΒΛΑΒΗΣ.

886 1340 899 1359 S
913 1340 1150 1369 ΥΠΟΘΕΣΙΣ.

308 1421 473 1464 Ποικίλην
506 1422 576 1466 ἔχει
614 1420 827 1466 περιπέτειαν
865 1420 1100 1467 ῖπραγμάτων
1130 1422 1148 1454 ὁ
1186 1420 1302 1467 λόγος.
1362 1424 1477 1455 Κόνων
1509 1422 1576 1467 γάρ
1613 1435 1666 1456 τις
1698 1421 1781 1465 ἀνὴρ

254 1484 431 1528 Ἀθηναῖος
450 1485 549 1520 ἅπαις
579 1487 732 1529 τελευτᾷ,
753 1485 797 1520 ὡς
818 1485 970 1520 ἐπίδικον
995 1487 1066 1520 τοῖς
1091 1485 1224 1520 οἰκείοις
1243 1485 1401 1531 γενέσθαι
1421 1487 1481 1518 τὸν
1499 1486 1637 1531 κλῆρον.
1689 1487 1780 1519 Καλ-

253 1549 441 1594 λίστρατος
460 1550 522 1593 μὲν
541 1547 601 1583 οὖν
621 1550 638 1582 ὁ
664 1549 723 1582 τὸν
746 1550 852 1595 λόγον
880 1550 1016 1583 τουτονὶ
1041 1550 1152 1595 λέγων
1179 1549 1261 1583 ὅλον
1290 1550 1350 1583 τὸν
1376 1551 1501 1594 κλῆρον
1524 1551 1646 1583 τοῦτον
1672 1550 1779 1597 ἑαυτῷ
1798 1546 1905 1600 1165

253 1612 439 1658 προσήκειν
473 1612 594 1658 φησίν·
626 1613 801 1658 ἐγγυτάτω
831 1613 897 1658 γὰρ
930 1615 1012 1647 κατὰ
1041 1613 1138 1659 γένος
1173 1614 1273 1648 αὐτὸς
1311 1610 1394 1647 εἶναι
1427 1615 1473 1660 τῷ
1513 1614 1651 1646 Κόνωνι.
1690 1612 1782 1646 ἀλλὰ

254 1679 357 1711 τοῦτο
385 1677 446 1721 μὲν
473 1676 550 1722 τάχ’
577 1675 617 1711 ἂν
646 1678 697 1711 καὶ
722 1675 891 1721 ψεύδοιτο
918 1678 971 1711 καὶ
996 1679 1090 1724 λόγῳ
1117 1679 1313 1725 καταχρῷτο
1339 1677 1448 1724 ψιλῷ.
1502 1676 1810 1722 Ὀλυμπιόδωρος5

255 1740 305 1780 δὲ,
326 1740 412 1785 πρὸς
431 1739 468 1774 ὃν
489 1740 507 1783 ἡ
528 1739 612 1784 δίκη,
634 1742 686 1775 καὶ
707 1742 808 1776 αὐτὸς
838 1740 1108 1785 ἠμφισβήτησεν
1128 1742 1166 1786 ἐξ
1184 1741 1290 1787 ἀρχῆς
1318 1744 1379 1775 τοῦ
1408 1740 1546 1784 κλήρου.
1581 1746 1601 1765 1¹
1615 1743 1723 1784 ἤστην
1746 1741 1782 1774 δέ

256 1804 366 1838 οἶκείω
393 1803 412 1838 ὅ
437 1819 474 1838 τε
498 1803 778 1851 Ὀλυμπιόδωρος
809 1806 861 1839 καὶ
888 1807 905 1839 ὁ
933 1806 1207 1851 Καλλίστρατος·
1240 1806 1395 1850 ἀδελφὴν
1413 1807 1479 1851 γὰρ
1497 1804 1782 1850 Ὀλυμπιοδώρου

257 1868 520 1914 Καλλίστρατος
552 1865 622 1913 εἶχε
658 1871 807 1915 γυναῖκα.
849 1870 966 1914 ἔδοξεν
1001 1868 1059 1903 οὖν
1088 1870 1201 1904 αὐτοῖς
1229 1870 1274 1913 μὴ
1300 1869 1525 1915 διαφέρεσθαι
1558 1871 1643 1914 πρὸς
1672 1868 1780 1913 ἀλλή-

255 1933 352 1973 λους,
374 1932 465 1966 ἀλλὰ
485 1933 663 1977 νείμασθαι
688 1934 749 1977 μὲν
768 1934 805 1978 ἐξ
830 1932 908 1976 ἰ’σης
936 1933 996 1977 τὴν
1017 1933 1137 1967 οὐσίαν
1161 1936 1222 1968 τοῦ
1250 1933 1532 1977 τελευτήσαντος,
1555 1933 1621 1978 ὅση
1649 1935 1780 1980 φανερά
1798 1944 1836 1964 10

255 2010 293 2030 τε
323 1995 362 2039 ἦν
391 1997 444 2030 καὶ
477 1997 733 2043 ὡμολογημένη,
759 2000 851 2041 κοινῇ
882 1998 917 2031 δέ
945 1999 1053 2042 ζητεῖν
1083 1999 1125 2032 τὰ
1152 1998 1279 2043 ἀφανῆ,
1310 1999 1363 2033 καὶ
1392 2000 1484 2042 κοινῇ
1514 2000 1674 2045 πράττειν
1705 2001 1783 2045 περὶ

253 2061 382 2095 τούτων
408 2063 528 2096 πάντα·
561 2061 782 2107 προσεδόκων
801 2063 867 2108 γὰρ
896 2062 988 2107 ἥξειν
1014 2064 1107 2098 τινὰς
1134 2063 1442 2108 ἀμφισβητοῦντας
1468 2063 1582 2099 αὑτοῖς
1608 2066 1670 2098 τοῦ
1699 2063 1778 2107 κλή-

253 2140 327 2170 ρου.
366 2127 443 2170 περὶ
472 2125 594 2159 τούτου
634 2126 685 2159 καὶ
721 2125 889 2169 συνθήκας
926 2126 1084 2171 ἔγραψαν
1120 2127 1173 2159 καὶ
1202 2126 1380 2160 κατέθεντο
1418 2126 1496 2171 παρ’
1527 2125 1778 2171 Ἀνδροκλείδῃ,
1800 2139 1834 2169 15

254 2189 349 2236 φίλῳ
379 2190 444 2222 τινὶ
475 2192 584 2236 κοινῷ.
625 2189 755 2231 οἰκέτης
786 2189 821 2222 δέ
850 2187 889 2231 ἧν
922 2190 1074 2224 Κόνωνος
1104 2189 1284 2234 Μοσχίων,
1316 2191 1403 2223 πάνυ
1430 2191 1554 2225 πιστὸς
1584 2189 1697 2236 ἐκείνῳ
1725 2203 1779 2223 νο-

254 2252 400 2296 μισθείς.
438 2254 560 2286 τοῦτον
588 2251 867 2297 Ὀλυμπιόδωρος
897 2253 1077 2295 λαμβάνει,
1109 2254 1160 2286 καὶ
1185 2253 1411 2296 διαβληθέντα
1443 2254 1557 2298 χιλίας
1584 2253 1782 2299 ὑφῃρῆσθαι

255 2318 316 2350 τοῦ
349 2318 502 2351 Κόνωνος
532 2316 685 2361 δραχμὰς
715 2316 892 2358 βασανίζει
921 2316 1005 2359 μετὰ
1034 2317 1310 2361 Καλλιστράτου.
1350 2318 1402 2350 καὶ
1434 2317 1477 2351 ὡς
1506 2316 1730 2362 ὡμολόγησεν
1763 2319 1781 2350 ὁ

256 2379 384 2423 οἰκέτης
415 2381 453 2413 τὸ
482 2378 654 2425 ἀργύριον,
690 2379 821 2423 νέμεται
860 2380 912 2412 καὶ
948 2381 1050 2413 τοῦτο
1088 2381 1172 2424 πρὸς
1208 2381 1268 2414 τὸν
1303 2381 1564 2425 Καλλίστρατον
1602 2381 1683 2414 κατὰ
1721 2382 1781 2417 τὰς
1795 2397 1834 2418 20

257 2443 424 2488 συνθήκας
455 2445 492 2488 ἐξ
522 2442 611 2487 ἵσης.
652 2443 845 2487 ὑπονοήσας
879 2444 915 2478 δὲ
949 2445 1001 2477 καὶ
1036 2446 1208 2479 Χπλείονα
1239 2446 1330 2490 ἔχειν
1360 2447 1418 2479 τὸν
1443 2446 1632 2491 ἄνθρωπον,
1668 2447 1779 2480 οὐκέτι

255 2508 464 2553 παραλαβὼν
498 2508 554 2541 τὸν
586 2507 851 2552 Καλλίστρατον
882 2508 982 2542 αὐτὸς
1012 2507 1200 2550 βασανίζει,
1230 2510 1282 2542 καὶ
1315 2511 1397 2552 μνᾶς
1428 2509 1659 2553 ἑβδομήκοντα
1690 2511 1778 2553 λαμ-

254 2572 352 2613 βάνει
379 2574 492 2615 μόνος.
533 2572 609 2616 περὶ
641 2572 675 2605 δέ
706 2573 829 2605 τοῦτον
859 2574 918 2605 τὸν
948 2573 1061 2617 καιρὸν
1087 2572 1351 2617 ἀμφισβητοῦσι
1378 2576 1437 2606 τοῦ
1469 2573 1594 2618 κλήρου
1629 2575 1780 2608 Κόνωνος

255 2638 307 2670 καὶ
333 2637 437 2670 ἄλλοι
464 2638 516 2670 καὶ
542 2638 560 2669 ὁ
585 2635 737 2681 ἀδελφὸς
764 2638 782 2668 ὁ
810 2637 1073 2681 Καλλιστράτου
1098 2637 1311 2677 Κάλλιππος,
1340 2638 1545 2683 ὁμοπάτριος
1572 2637 1628 2672 ὤν.
1668 2640 1775 2679 Υβυυ-
1794 2650 1830 2680 25

254 2701 430 2743 λευόμενοι
466 2703 557 2743 κοινῇ
591 2702 667 2745 περὶ
698 2703 764 2733 τῶν
798 2700 936 2745 ἀγώνων
969 2700 1248 2745 Ὀλυμπιόδωρος
1285 2703 1337 2735 καὶ
1373 2699 1631 2745 Καλλίστρατος
1662 2701 1777 2736 συντί-

311 2851 321 2866 ¹'
343 2853 575 2882 ΜΑΡΤΥΡΙΛΙ
598 2860 666 2882 om.
691 2848 772 2882 13.S.
849 2854 862 2873 S
884 2850 1141 2894 Argumentum
1164 2862 1182 2883 a
1203 2862 1247 2883 m.
1270 2862 1335 2883 rec.
1359 2850 1463 2883 habet
1478 2850 1513 2883 S.
1591 2848 1605 2874 t
1623 2850 1778 2895 πραγμά-

255 2914 320 2932 των
340 2901 375 2946 ὁ]
401 2903 418 2934 ὁ
439 2902 645 2946 πραγμάτων
668 2902 705 2935 F.
793 2908 812 2926 U
834 2902 958 2947 ἤστην]
983 2903 1092 2946 ἥσθην
1114 2904 1149 2936 S.
1250 2908 1267 2926 Χ
1289 2901 1430 2936 πλείονα
1450 2903 1557 2949 ἔχειν]
1580 2902 1778 2948 Legebatur

253 2953 412 2989 πλείονας
434 2957 566 2997 (πλεῖον
586 2954 626 2988 (ἲν
647 2955 810 2991 xvolfius)
833 2956 921 3000 ἔχειν
941 2956 1113 3001 ἀργυρίου.
1239 2962 1256 2989 y
1283 2956 1545 3003 βουλευόμενοι]
1569 2957 1776 3000 βουλόμενοι

256 3005 332 3038 RS.
