2009 3286
262 210 375 250 1322
809 213 1238 251 ΔΗΜΟΣΘΕΝΟΎΣ
1361 210 1443 250 On.
1463 210 1610 251 LVII.
1636 225 1676 266 p.
1698 222 1911 264 1299,1—

265 347 550 420 ΠΟΛΛΑ
583 370 658 419 καὶ
694 372 848 437 ψευδῆ
885 367 1261 434 κατηγορηκότος
1295 369 1427 432 ἡμῶν
1471 368 1781 429 Εὐβουλίδου,
1800 384 1906 425 1299

259 453 332 500 καὶ
371 454 690 520 βλασφημίας
728 454 832 503 οὕτε
870 451 1213 518 προσηκούσας
1252 454 1354 502 οὔτε
1396 452 1573 505 δικαίας
1609 474 1777 502 πεποι-

256 535 440 597 ημένου,
479 535 766 602 πειράσομαι
805 537 990 599 τάληθῆ
1031 538 1105 586 καὶ
1147 535 1207 586 τὰ
1238 537 1390 586 δίκαια
1422 536 1591 601 λέγων,
1619 533 1656 585 ὦ
1691 536 1774 585 ἄν·

256 620 359 684 δρες
401 621 632 681 δικασταὶ,
679 619 825 687 δεῖξαι
865 621 940 669 καὶ
993 618 1133 681 μετὸν
1182 621 1265 682 τῆς
1315 617 1499 672 πόλεως
1547 620 1656 682 ἡμῖν
1703 620 1810 669 mis>

217 701 523 753 27re7r0v967a
562 702 762 766 ἐμαυτὸν
795 704 897 770 οὐχὶ
931 702 1238 768 προσήκοντα
1268 701 1358 753 ὑπὸ
1384 704 1565 753 τούτου.
1622 703 1779 766 δέομαι

252 785 290 834 δ’
336 784 557 836 ἁπάντων
600 788 743 849 ὑμῶν,
789 784 826 836 ῶ
871 786 1035 851 ἄνδρες
1079 788 1312 847 δικασταὶ,
1358 788 1432 836 καὶ
1480 785 1663 836 ἱκετεύω
1704 787 1780 836 καὶ

250 869 502 931 ἀντιβολῶ,
555 869 901 933 λογισαμένους
950 869 1004 919 τό
1056 892 1104 920 τε
1155 870 1352 934 μέγεθος
1412 875 1495 919 τοῦ
1546 867 1779 934 παρόντος

248 953 431 1016 ἀγῶνος
460 957 535 1002 καὶ
574 952 659 1016 τὴν
697 952 929 1020 αἰσχύνην
967 957 1070 1016 μεθ’
1106 953 1161 1017 ἧς
1203 952 1400 1020 ὑπάρχει
1437 958 1533 1006 τοῖς
1572 955 1771 1003 ἁλισκο-

246 1034 398 1098 μένοις
443 1037 757 1099 ἀπολωλέναι,
802 1040 1004 1087 ἀκοῦσαι
1055 1038 1131 1087 καὶ
1175 1038 1287 1099 ἐμοῦ
1338 1040 1513 1103 σιωπῇ,
1557 1035 1774 1099 μάλιστα
1791 1063 1829 1084 ιο

245 1118 343 1180 μὲν,
391 1123 428 1169 εἰ
470 1119 680 1182 δυνατὸν,
722 1119 841 1183 μετὰ
889 1121 1109 1173 πλείονος
1154 1120 1331 1173 εὐνοίας
1371 1119 1400 1184 ἢ
1445 1119 1612 1170 τούτου
1657 1120 1772 1183 (τοῖς

244 1200 337 1267 γὰρ
375 1204 424 1252 ἐν
463 1203 659 1272 κινδύνῳ
698 1202 1045 1268 καθεστηκόσιν
1085 1202 1204 1256 εἰκὸς
1242 1203 1593 1267 εὐνοϊκωτέρους
1627 1204 1772 1265 Υὺμᾶς

202 1283 507 1354 3ὑπάρχειν),
547 1290 584 1336 εὶ
629 1286 676 1336 δὲ
719 1287 797 1351 μὴ,
844 1286 963 1350 μετά
1012 1309 1066 1351 γε
1110 1289 1193 1349 τῆς
1244 1286 1366 1350 ἰ’σης.
1423 1286 1677 1347 συμβαίνει
1723 1285 1782 1335 δέ

239 1391 319 1432 μοι
357 1369 411 1419 τὸ
444 1369 529 1433 μὲν
562 1375 667 1421 καθ’
696 1372 855 1434 Ζὴμᾶς,
878 1369 915 1421 ὦ
951 1371 1115 1436 ἄνδρες
1147 1373 1379 1432 δικασταὶ,
1407 1372 1482 1420 καὶ
1517 1369 1571 1419 τὸ
1606 1391 1762 1435 προσ·
1786 1389 1820 1420 15

239 1450 365 1514 ήκειν
407 1476 486 1516 μοι
527 1456 610 1516 τῆς
660 1454 844 1507 πόλεως
890 1459 1078 1520 θαρρεῖν
1122 1455 1198 1504 καὶ
1241 1453 1433 1506 πολλὰς
1472 1452 1592 1520 ἔχειν
1636 1452 1769 1502 ἐλπί-

241 1537 325 1588 δας
363 1541 520 1590 καλῶς
557 1539 874 1602 ἀγωνιεῖσθαι,
910 1537 994 1588 τὸν
1028 1536 1190 1603 καιρὸν
1236 1536 1283 1587 δὲ
1319 1539 1395 1587 καὶ
1429 1535 1483 1586 τὸ
1519 1535 1768 1603 παρωξύν-

238 1619 316 1666 θαι
361 1618 446 1682 τὴν
484 1617 627 1669 πόλιν
667 1619 786 1686 πρὸς
830 1619 913 1672 τὰς
948 1620 1279 1687 ἀποψηφίσεις
1321 1623 1595 1687 φοβεῖσθαι·
1637 1625 1761 1669 πολ-

241 1704 342 1750 λῶν
380 1700 474 1767 γὰρ
515 1702 874 1769 ἐξεληλαμένων
916 1704 1101 1756 δικαίως
1142 1705 1192 1753 ἐκ
1236 1702 1427 1753 πάντων
1469 1707 1564 1753 τῶν
1604 1702 1765 1765 δήμων

240 1785 733 1849 συγκεκοινωνήκαμεν
777 1789 860 1849 τῆς
911 1786 1052 1854 δόξης
1103 1785 1274 1849 ταύτης
1316 1790 1358 1836 οἱ
1409 1807 1762 1836 κατεστασιασ-
1779 1804 1819 1826 20

239 1867 382 1929 μένοι,
408 1872 484 1918 καὶ
517 1868 636 1934 πρὸς
674 1869 759 1932 τὴν
795 1870 891 1919 κατ’
919 1871 1103 1920 ἐκείνων
1133 1870 1298 1931 αἰτίαν,
1330 1870 1382 1919 οὐ
1417 1867 1536 1934 πρὸς
1575 1866 1629 1918 τὸ
1661 1869 1762 1918 καθ’

240 1950 382 2000 αὑτὸν
432 1952 630 2005 ἕκαστος
681 1952 1014 2018 ἀγωνιζόμεθα,
1066 1950 1178 2003 ὥστ’
1233 1952 1290 2020 ἐξ
1344 1951 1552 2016 ἀνάγκης
1613 1951 1766 2015 μέγαν

200 2033 351 2101 4ἡμῖν
377 2032 491 2084 εἶναι
517 2034 599 2084 τὸν
625 2035 795 2102 φόβον.
853 2036 907 2086 οὐ
937 2035 1030 2099 μὴν
1056 2035 1188 2085 ἀλλὰ
1215 2036 1379 2101 καίπερ
1411 2034 1590 2084 τούτων
1617 2035 1763 2087 οὕτως

238 2116 455 2183 ἐχόντων,
492 2116 523 2168 ἃ
560 2120 729 2185 νομίζω
767 2122 873 2185 περὶ
907 2120 1085 2170 τούτων
1120 2120 1272 2169 αὐτῶν
1309 2122 1498 2183 πρῶτον
1535 2115 1647 2167 εἶναι
1688 2118 1756 2167 δι’·
1780 2137 1887 2179 1300

239 2223 358 2262 καια,
405 2203 493 2265 ἐρῶ
538 2201 656 2267 πρὸς
699 2204 830 2265 ὑμᾶς.
896 2203 988 2267 ἐγὼ
1033 2202 1126 2268 γὰρ
1173 2202 1325 2265 οἴομαι
1368 2204 1460 2251 δεῖν
1504 2203 1623 2264 ὑμᾶς
1667 2205 1763 2253 τοῖς

200 2281 322 2343 5μὲν
349 2281 728 2349 ἐξελεγχομένοις
767 2284 916 2351 ξένοις
954 2285 1061 2334 οὖσι
1099 2285 1413 2350 χαλεπαίνειν,
1440 2287 1477 2332 εὶ
1502 2282 1619 2346 μήτε
1656 2283 1758 2333 πεί-

239 2387 410 2416 σαντες
435 2363 550 2427 μήτε
577 2365 811 2428 δεηθέντες
847 2368 975 2429 ὑμῶν
1002 2366 1159 2432 λάθρα
1192 2369 1267 2416 καὶ
1293 2367 1375 2433 βίᾳ
1407 2370 1501 2415 τῶν
1530 2365 1760 2430 ὑμετέρων

237 2450 402 2511 ἢὶερῶν
428 2449 503 2496 καὶ
530 2452 694 2497 κοινῶν
719 2453 944 2514 μετεῖχον,
972 2454 1067 2502 τοῖς
1103 2453 1144 2499 δ’
1173 2449 1432 2515 ἠτυχηκόσι
1468 2450 1542 2499 καὶ
1575 2448 1750 2498 δεικνύ-
1769 2466 1786 2495 5

236 2552 342 2579 ουσι
380 2530 579 2582 πολίτας
619 2530 755 2583 ὄντας
792 2531 957 2584 αὑτοὺς
991 2537 1182 2595 βοηθεῖν
1216 2534 1290 2582 καὶ
1322 2532 1500 2597 σώζειν,
1526 2533 1752 2594 ἐνθυμου-

235 2613 399 2675 μένους
439 2611 509 2661 ὅτι
547 2611 738 2663 πάντων
780 2614 1080 2679 οἰκτρότατον
1119 2615 1270 2667 πάθος
1309 2615 1417 2677 ἡμῖν
1452 2613 1510 2664 ἂν
1541 2615 1756 2678 συμβαίη

235 2699 330 2747 τοῖς
368 2693 668 2756 ἠδικημένοις,
708 2699 745 2744 εἷ
785 2700 879 2745 τῶν
921 2697 1267 2760 λαμβανόντων
1309 2699 1439 2760 δίκην
1476 2696 1633 2750 ὶ)ὅν”ι·ες
1675 2696 1756 2746 οᾶν

286 2894 304 2920 y
325 2888 408 2930 ὑμᾶς
428 2900 497 2921 om.
521 2888 556 2922 S.
681 2894 697 2912 Ζ
719 2888 803 2931 ἡμᾶς
824 2888 1033 2922 Scha‘fcrus.
1079 2889 1277 2933 Legebatur
1297 2889 1393 2932 ὑμᾶς.
1516 2894 1535 2913 ἢ
1555 2888 1668 2933 ἱερῶν]
1694 2889 1751 2922 Li-

231 2945 315 2973 terae
337 2955 363 2972 ιε
386 2941 419 2973 in
441 2940 545 2974 litura
565 2946 731 2986 quattuor
751 2941 928 2974 literarum
950 2941 984 2974 in
1007 2941 1041 2974 S.
1168 2940 1183 2961 ¹'
1204 2940 1315 2987 ὄντες]
1341 2941 1396 2974 ὅτε
1419 2941 1546 2980 1⁴'.S.Q.
1676 2947 1691 2966 ⁰
1711 2939 1751 2974 ἶιν

230 2992 380 3037 δικαίως]
406 2991 538 3028 δικαίως
557 2992 596 3026 ἂν
617 3005 764 3037 gramm.
785 2993 820 3026 in
844 2994 993 3027 Bckkeri
1016 2994 1145 3027 Ancml.
1170 3006 1202 3038 p.
1230 2992 1313 3033 128‚
1336 3004 1393 3039 19.
