2009 3286
103 197 288 241 —1432,
311 206 361 230 11.
854 193 1141 231 ΠΡΟΟΙΜῙΑ.
1651 191 1764 232 1455

230 302 408 367 θέντας,
448 306 534 372 ἀφ’
574 304 628 355 οὗ
667 305 844 365 βελτίω
877 303 937 355 τὰ
976 304 1191 371 παρόντα
1229 303 1394 371 γένοιτ’
1435 304 1510 356 ἄν·
1553 303 1628 356 διὰ
1669 304 1764 372 γὰρ

229 387 422 442 τούτους
461 390 533 456 ἐφ’
569 389 771 456 ἡσυχίας
809 391 885 438 καὶ
929 390 1038 455 παρ’
1079 390 1265 440 ἐκείνων
1300 388 1521 455 ε’γγε’νοιτ’
1561 387 1619 439 ἂν
1657 390 1764 452 ὑμῖν

229 474 361 538 δίκην
399 479 580 535 λαβεῖν.
632 472 740 527 τοὺς
775 472 861 536 μὲν
901 473 983 524 οὖν
1023 474 1204 527 ἄλλους
1245 473 1421 539 λόγους
1453 471 1637 527 πάντας
1671 496 1756 524 πε-
1778 500 1814 531 15

227 557 438 624 ριέργους
476 559 691 624 ἡγοῦμαι,
721 555 752 608 ἃ
781 558 818 608 δ’
849 559 907 608 ἂν
934 555 1061 621 οἶμαι
1087 562 1386 624 συνενεγκεῖν
1419 560 1526 624 περὶ
1562 555 1627 608 ῶν
1662 560 1762 609 νυνὶ

229 648 464 705 σκοπεῖτε,
491 643 619 694 ταῦτ’
651 646 793 694 εἰπεῖν
818 641 1120 709 πειράσομαι,
1147 647 1381 693 τοσοῦτον
1417 641 1631 711 ἀξιώσας
1669 641 1757 706 μό-

230 745 324 777 νον·
365 726 422 778 ἂν
450 727 542 794 ἄρα
571 750 655 778 του
690 726 967 791 1(μεμνῶμαι
1004 730 1100 777 τῶν
1133 726 1495 792 πεπραγμένων,
1522 727 1588 791 μὴ
1614 750 1757 792 κατη-

229 812 391 877 γορίας
422 835 480 875 με
512 812 646 862 ἕνεκα
671 809 912 878 1ἡγεῖσθαι
952 811 1122 876 λέγειν,
1149 812 1260 861 ἀλλ’
1290 811 1366 861 ἵνα
1400 811 1557 880 δείξας
1594 809 1624 862 ἃ
1659 810 1764 864 τότε

227 893 470 961 ἡμάρτετε,
499 901 581 946 νῦν
607 894 866 964 ἀποτρέψω
893 894 1080 946 ΠΙταύτιῗι
1107 898 1319 946 Ππαθεῖν.
1778 910 1819 932 ²0

939 995 1046 1044 KA.

301 1080 360 1128 Εἰ
397 1079 473 1128 καὶ
509 1076 593 1129 τὸν
632 1077 789 1129 ἄλλον
823 1076 1009 1145 χρόνον,
1037 1074 1073 1126 ῶ
1111 1073 1274 1143 ἄνδρες
1308 1077 1567 1141 Ἀθηναῖοι,
1602 1078 1765 1140 μηδενὶ

225 1162 686 1226 συμπολιτευόμενοι
726 1161 966 1227 τοσαύτην
1005 1160 1182 1227 ἤγομεν
1218 1161 1424 1229 ἡσυχίαν
1462 1160 1676 1228 ὅσηνπερ
1717 1162 1765 1212 ἐν

225 1251 293 1316 τῷ
328 1246 540 1314 παρόντι,
569 1249 673 1299 οὔτε
699 1247 759 1299 τὰ
787 1253 869 1299 νῦν
896 1246 953 1298 ἂν
978 1245 1266 1313 γεγενημένα
1293 1249 1539 1310 συμβῆναι
1579 1245 1763 1312 νομίζω,

225 1335 321 1382 τῶν
357 1355 407 1383 τε
445 1331 615 1382 ἄλλων
650 1330 776 1397 οἶμαι
817 1331 985 1384 πολλὰ
1014 1330 1206 1391 βέλτιον
1233 1329 1290 1381 ἂν
1317 1331 1462 1394 0ἡμῖν
1488 1330 1624 1398 ἔχειν.
1682 1335 1764 1380 νῦν
1778 1351 1814 1384 25

227 1419 269 1467 δ’
313 1415 402 1467 ὑπὸ
444 1419 527 1481 τῆς
562 1417 695 1468 ἐνίων
738 1417 1007 1483 ἀσελγείας,
1044 1417 1148 1466 οὔτε
1189 1418 1445 1482 παρελθεῖν
1489 1415 1581 1465 οὔτ’
1621 1417 1764 1465 εἰπεῖν

228 1501 325 1550 οὔθ’
356 1498 480 1553 ὅλως
507 1500 657 1566 λόγου
683 1506 839 1569 τυχεῖν
866 1501 1012 1552 ἔστιν.
1069 1499 1176 1550 ὅθεν
1203 1499 1458 1562 συμβαίνει
1494 1497 1660 1550 πολλὰ
1686 1500 1764 1549 καὶ

229 1585 313 1636 οὐκ
339 1583 576 1648 ἐπιτήδεια
602 1585 736 1639 ἴσως.
792 1590 830 1636 εἰ
856 1585 943 1649 μὲν
970 1586 1052 1636 οὖν
1074 1586 1173 1636 Ράεὶ
1200 1583 1378 1635 (4ταὺτά
1402 1583 1764 1647 Γπυνθάνεσθαι,

227 1671 302 1720 καὶ
342 1673 539 1720 σκοπεῖν
578 1669 602 1720 ὅ
643 1693 688 1721 τι
725 1670 817 1737 χρὴ
852 1673 1063 1734 ποιῆσαι,
1104 1671 1180 1720 καὶ
1213 1668 1419 1736 πάσχειν
1458 1667 1623 1735 οἷάπερ
1665 1671 1763 1719 νυνὶ

228 1752 513 1816 5βούλεσθε,
566 1755 863 1823 τψηφιεῖσθε
913 1752 1031 1820 ἅπερ
1084 1762 1102 1781 ⁰
1123 1755 1174 1804 ἐκ
1223 1758 1318 1804 τῶν
1359 1752 1765 1819 παρεληλυθότων
1782 1768 1889 1811 1432

229 1836 428 1904 χρόνων,
468 1836 713 1888 καθέλκειν
757 1836 972 1904 τριήρεις,
1022 1838 1272 1900 ἐμβαίνειν,
1318 1837 1566 1906 εἰσφέρειν,
1606 1837 1765 1888 πάντα

230 1924 357 1971 ταῦτ’
379 1920 483 1985 ἤδη·
524 1918 580 1970 Χᾶ
606 1925 748 1987 τριῶν
773 1922 958 1987 ἡμερῶν
983 1920 1012 1985 ἢ
1039 1921 1190 1983 πέντε,
1219 1919 1276 1971 ἂν
1297 1925 1521 1989 σιωπηθῇ
1549 1920 1607 1972 τὰ
1633 1921 1762 1987 παρὰ

230 2009 326 2056 τῶν
363 2006 604 2068 πολεμίων
643 2007 719 2055 καὶ
753 2010 946 2072 σχῶσιν
980 2005 1185 2072 ἡσυχίαν
1221 2006 1396 2064 ἐκεῖνοι,
1430 2004 1578 2056 πάλιν
1612 2005 1792 2057 οὐκέτι5

232 2088 393 2156 καιρὸν
425 2087 539 2140 εἶναι
569 2088 792 2156 πράττειν
833 2089 1167 2159 ὑπολήψεσθε.
1226 2089 1353 2157 ὅπερ,
1381 2091 1517 2154 ἡνίκα
1555 2092 1602 2141 ἐν
1637 2091 1760 2141 ςΕλ·-

230 2171 493 2243 λησπόντῳ
533 2174 779 2225 Φίλιππον
815 2173 1099 2237 ἠκούσαμεν,
1129 2172 1323 2237 συνέβη,
1351 2175 1428 2224 καὶ
1459 2172 1607 2224 πάλιν
1645 2173 1760 2237 ἡνίκ’

230 2261 293 2311 εἷς
322 2260 603 2324 Μαραθῶνα
637 2256 836 2323 τριήρεις
866 2260 912 2307 αἱ
941 2257 1194 2325 λῃστρίδες
1232 2256 1525 2324 προσέσχον.
1580 2259 1642 2310 ὡς
1669 2255 1763 2323 γὰρ

233 2341 290 2392 ἂν
316 2339 549 2408 χρήσαιτό
575 2364 659 2400 τις,
688 2339 724 2391 ῶ
750 2339 915 2407 ἄνδρες
943 2345 1200 2406 Ἀθηναῖοι,
1229 2345 1389 2394 καλῶς
1416 2341 1606 2405 δυνάμει
1632 2364 1756 2408 παρ·
1777 2371 1817 2393 10

233 2425 569 2493 εσκευασμένῃ,
610 2426 756 2479 οὕτως
796 2427 920 2490 ὑμεῖς
959 2426 1148 2477 εἰώθατε
1187 2428 1253 2494 τῷ
1290 2425 1607 2487 βουλεύεσθαι
1639 2428 1758 2494 χρῆ-

288 2619 310 2646 k
339 2624 514 2666 μεμνῶμαι
536 2621 622 2661 S.Q.
663 2607 831 2666 μεμνιὴμαι
851 2623 892 2658 F.
933 2625 1100 2668 μέμνημαι
1120 2623 1238 2670 vulgo.
1387 2620 1397 2648 Ῑ
1418 2623 1575 2670 ἡγεῖσθαι
1597 2623 1763 2662 F.S.Q.v.

236 2675 376 2722 ἡγεῖσθε
397 2676 515 2721 vulgo.
628 2682 658 2700 m
678 2676 803 2724 ταύτὰ]
828 2679 933 2711 ταῦτα
954 2677 1036 2717 Q.v.
1160 2683 1179 2701 Π
1200 2677 1337 2723 παθεῖν]
1362 2678 1480 2722 μαθεῖν
1500 2691 1532 2713 ν.
1649 2683 1667 2701 0
1688 2677 1766 2721 ἡμῖν

238 2729 446 2764 Schaeferus.
469 2729 669 2775 Legebatur
690 2729 779 2774 ὑμῖν.
912 2737 930 2764 Ρ
951 2731 1002 2765 ἀεὶ
1024 2732 1059 2765 S.
1101 2731 1302 2777 Legebatur
1322 2732 1384 2766 δεῖ.
1522 2737 1540 2764 ‘1
1559 2732 1666 2765 ταύτὰ
1686 2730 1762 2765 Do-

235 2784 362 2817 braeus.
402 2785 507 2817 ταῦτα
528 2783 618 2818 libri.
731 2789 746 2808 Γ
765 2784 1013 2831 πυνθάνεσθαι]
1039 2785 1252 2819 πυνθάνεσθε
1276 2786 1312 2819 S.
1426 2789 1440 2808 S
1460 2784 1653 2831 βούλεσθε]
1677 2783 1762 2825 βού-

234 2846 356 2896 neae?
372 2863 410 2896 F.
453 2861 644 2903 βούλεσθαι
669 2863 752 2901 Q.v.
909 2862 923 2888 t
952 2864 1147 2909 ψηφιεῖσθε
1178 2864 1388 2899 Felieianus.
1429 2864 1642 2909 ψηφιεῖσθαι
1671 2864 1762 2899 libri.

236 2923 257 2942 U
278 2916 313 2949 ἐκ
333 2919 399 2949 τῶν
418 2916 804 2961 παρεληλυθότων-τὰ
823 2919 1005 2962 προειμένα
1029 2919 1118 2952 ἑλεῖν
1140 2920 1190 2964 (p.
1219 2929 1331 2963 1440.
1358 2918 1429 2963 7.)]
1456 2918 1543 2951 Utve
1573 2922 1653 2963 post
1674 2931 1761 2961 συμ-

234 2968 418 3011 βουλεύσω
435 2970 484 3015 (p.
503 2981 616 3017 1449,
632 2973 683 3018 5.)
705 2970 806 3016 ponit
826 2983 856 3004 v.
875 2971 909 3005 ἐκ
929 2974 996 3004 τῶν
1010 2974 1342 3017 παρελ.--·συμβου.
1358 2971 1406 3016 (p.
1429 2982 1538 3018 1449,
1562 2972 1614 3018 5.)
1635 2982 1707 3006 om.
1724 2970 1762 3005 F.

236 3029 255 3048 Χ
271 3023 292 3056 ἃ
311 3024 430 3070 τριῶν]
456 3022 474 3066 ἢ
496 3026 597 3069 τριῶν
618 3036 648 3057 v.

947 3100 1063 3140 1²}›2
