2009 3286
273 165 385 204 1510
801 165 1272 221 [ΔΗΜΟΣΘΕΝΟΎΣ]
1368 168 1521 208 Ειηςτ.
1540 168 1615 208 IV.
1638 182 1679 224 p.
1704 167 1827 220 1487,
1843 182 1915 212 —-7

274 282 315 328 οἱ
355 281 463 341 θεοῖ,
497 282 643 343 δῆλον
678 282 739 332 ὡς
774 280 1081 345 προλέγουσι·
1123 280 1205 335 τὰς
1246 283 1283 332 δ’
1319 281 1412 332 ἀπὸ
1454 286 1548 332 τῶν
1580 288 1788 348 προελη-

274 362 489 414 λυθότων
514 366 838 431 προσηγορίας
873 366 946 415 ἐπὶ
974 370 1073 418 ταῖς
1099 366 1362 430 γεγονυίαις
1395 364 1601 433 πράξεσι
1636 366 1788 417 τίθεν-

233 470 365 508 4ται.
420 446 450 498 ἃ
477 450 631 499 τοίνυν
666 448 758 514 ἐγὼ
789 450 1127 511 πεπολίτευμαι
1165 454 1277 515 παρ’
1307 452 1426 513 ὑμῖν,
1454 455 1548 500 τῶν
1583 450 1671 514 ἤδη
1707 472 1788 515 γε-

273 533 539 597 γενημένων
564 534 707 595 ἐστὶν,
735 535 819 602 ἀφ’
848 531 913 583 ὧν
952 535 1155 600 εὐτυχεῖς
1194 536 1310 596 ὑμᾶς
1348 534 1794 600 προσηγορεύκασιν
1810 557 1848 578 10

273 620 316 667 οἱ
353 619 461 668 θεοί.
526 622 625 671 πῶς
666 618 747 668 οὖν
788 619 965 668 δίκαιον
1005 617 1112 671 τοὺς
1150 617 1235 680 μὲν
1274 619 1553 671 πεισθέντας
1593 618 1797 684 εὐτυχεῖς

275 699 601 766 ὀνομάζεσθαι,
638 700 721 751 τὸν
760 701 808 752 δὲ
846 702 1077 752 πείσαντα
1112 705 1194 765 τῆς
1231 703 1438 755 ἐναντίας
1472 702 1799 768 προσηγορίας

275 786 524 851 τυγχάνειν
546 806 557 846 ;
601 784 730 848 πλὴν
757 788 793 835 εἰ
821 784 958 835 τοῦτό
982 807 1052 838 τις
1084 785 1241 847 ῖεῗποι,
1268 785 1352 849 τὴν
1378 785 1461 849 μὲν
1487 784 1644 848 κοινὴν
1670 786 1798 836 εὐτυ-

276 870 398 935 χίαν,
437 868 491 932 ἧς
529 867 622 933 ἐγὼ
664 868 955 931 σύμβουλος,
996 868 1126 923 θεοὺς
1158 868 1265 924 τοὺς
1302 869 1529 935 λέγοντας
1564 866 1690 931 εἶναι,
1730 867 1797 922 οἷς

277 954 331 1003 οὐ
372 953 501 1015 θέμις
547 951 823 1020 ψεύδεσθαι,
866 952 951 1016 τὴν
1002 956 1040 1003 δ’
1087 954 1205 1004 ἰδίαν
1247 954 1581 1021 βλασφημίαν,
1625 950 1655 1021 ᾗ
1695 954 1793 1003 κατ’
1813 975 1848 1008 15

273 1039 386 1101 ἐμοῦ
422 1037 669 1104 11κέχρηται
708 1037 1001 1102 Θηραμένης,
1043 1036 1227 1103 θρασὺν
1263 1039 1337 1088 καὶ
1378 1039 1541 1101 ἀναιδῆ
1581 1039 1657 1087 καὶ
1693 1036 1797 1088 οὐδὲ

275 1126 385 1170 νοῦν
411 1120 558 1187 ἔχοντ’
588 1120 839 1186 ἄνθρωπον
865 1121 1104 1187 εἰρηκέναι.

234 1221 260 1263 5
350 1206 426 1256 Οὐ
459 1206 615 1256 τοίνυν
649 1204 794 1268 μόνον
828 1210 928 1259 ταῖς
966 1204 1096 1271 παρὰ
1129 1209 1224 1255 τῶν
1257 1209 1376 1255 θεῶν
1408 1204 1642 1267 μαντείαις
1680 1206 1800 1269 ἀγα-

276 1288 363 1353 θὴν
389 1290 539 1340 οὖσαν
566 1289 784 1355 εὑρήσετε
817 1287 846 1356 ᾗ
874 1289 1108 1356 κέχρησθε
1147 1288 1281 1357 τύχῃ,
1310 1288 1441 1339 ἀλλὰ
1466 1291 1540 1339 καὶ
1567 1288 1623 1357 ἐξ
1645 1288 1798 1338 αὐτῶν
1811 1314 1854 1336 20

274 1378 369 1424 τῶν
396 1374 547 1440 ἔργων
573 1377 865 1439 θεωροῦντες,
893 1371 951 1423 ἂν
981 1371 1221 1441 ἐξετάζητε
1261 1375 1425 1439 ὀρθῶς.
1484 1375 1608 1436 ὑμεῖς
1633 1372 1726 1439 γὰρ
1762 1377 1800 1424 εἰ

274 1456 359 1521 μὲν
399 1460 461 1511 ὡς
496 1457 735 1522 ἅνθρωποι
774 1456 831 1506 τὰ
865 1456 1124 1522 πράγματα
1157 1457 1397 1518 βούλεσθε
1436 1462 1633 1524 θεωρεῖν,
1666 1458 1796 1508 εὐτυ-

275 1540 515 1608 χεστάτην
541 1540 759 1606 εὑρήσετε
787 1541 868 1607 ἀφ’
898 1538 963 1590 ὧν
998 1540 1090 1604 ἐγὼ
1116 1541 1476 1601 συνεβούλευσα
1512 1540 1598 1604 τὴν
1629 1540 1802 1591 Χπόλιν

275 1629 538 1690 γεγονυῖαν·
583 1628 619 1674 εἰ
647 1624 685 1673 δ’
715 1623 746 1674 ἃ
771 1629 866 1677 τοῖς
893 1628 1013 1678 θεοῖς
1039 1625 1235 1692 ἐξαίρεθ
1265 1623 1462 1691 ὑπάρχει
1486 1622 1659 1688 μόνοις,
1685 1624 1794 1675 τού·
1813 1646 1852 1679 25

237 1724 371 1764 ὅτων
405 1708 634 1777 ἀξιώσετε
669 1707 931 1774 τυγχάνειν,
967 1707 1209 1758 ἀδυνάτων
1246 1710 1451 1775 ἐφίεσθε.
1507 1710 1556 1759 τί
1585 1709 1665 1759 οῦν
1699 1709 1803 1758 ἐστὶ

277 1797 397 1846 θεοῖς
437 1793 687 1861 ἐξαίρετον,
714 1792 980 1857 ἀνθρώποις
1019 1793 1056 1842 δ’
1087 1793 1140 1842 οὐ
1179 1792 1406 1853 δυνατόν;
1449 1791 1671 1843 ἁπάντων
1709 1796 1803 1843 τῶν

277 1879 470 1942 ἀγαθῶν
514 1878 752 1941 ἐγκρατεῖς
795 1875 933 1928 ὄντας
977 1877 1160 1942 κυρίους
1203 1874 1316 1927 εῖναι
1361 1879 1436 1927 καὶ
1476 1876 1641 1929 αὐτοὺς
1683 1876 1804 1943 ε”χειν

277 1962 353 2011 καὶ
392 1963 551 2011 δοῦναι
590 1964 684 2012 τοῖς
726 1959 906 2021 ἄλλοις,
943 1964 1162 2027 φλαῦρον
1204 1959 1253 2010 δὲ
1294 1961 1437 2024 μηδὲν
1471 1959 1694 2024 μηδέποτ’
1729 1961 1803 2010 Ῡέν

276 2047 415 2095 παντὶ
455 2048 521 2112 τῷ
563 2047 692 2094 αἰῶνι
737 2042 853 2106 μήτε
899 2046 1066 2093 παθεῖν
1112 2042 1226 2107 μήτε
1272 2046 1531 2107 μελλῆσαι.
1593 2045 1669 2093 καὶ
1706 2041 1800 2106 μὴν
1820 2055 1926 2108 1488

277 2127 588 2189 ὑποκειμένων
619 2127 810 2189 τούτων,
837 2126 999 2192 ὥσπερ
1035 2134 1052 2153 ²
1063 2127 1307 2193 προσήκει,
1335 2133 1554 2179 σκοπεῖτε
1593 2127 1651 2178 τὰ
1687 2127 1795 2190 ὑμέ-

239 2234 388 2280 7τερα
420 2212 573 2261 αὐτῶν
607 2210 725 2276 πρὸς
763 2210 822 2260 τὰ
854 2215 949 2260 τῶν
982 2210 1149 2261 ἄλλων
1188 2211 1464 2277 ἀνθρώπων.
1522 2212 1668 2264 οὐδεὶς
1707 2209 1801 2276 γὰρ

278 2297 424 2348 οὕτως
451 2296 582 2344 ἐστὶν
608 2295 854 2360 ἀγνώμων,
883 2293 1016 2346 ὅστις
1042 2292 1100 2343 ἂν
1125 2293 1153 2357 ἢ
1181 2293 1240 2343 τὰ
1268 2295 1650 2357 Λακεδαιμονίοις
1676 2316 1801 2357 συμ-

278 2377 532 2441 βεβηκότα,
560 2377 626 2432 οἶς
660 2379 742 2428 οὐκ
782 2377 874 2443 ἐγὼ
901 2377 1259 2438 συνεβούλευον,
1286 2376 1315 2440 ἢ
1343 2377 1400 2428 τὰ
1429 2377 1654 2443 Πέρσαις,
1680 2377 1827 2443 πρὸς5

279 2461 357 2514 οὓς
395 2460 498 2511 οὐδὲ
525 2460 764 2529 ἀφικόμην
791 2460 995 2521 πώποτε,
1023 2460 1300 2526 αἱρετώτερα
1334 2459 1530 2528 φήσειεν
1556 2458 1668 2510 εἶναι
1706 2464 1802 2510 τῶν

281 2548 386 2606 ὑμῖν
422 2544 687 2609 παρόντων.
756 2546 830 2593 καὶ
876 2545 934 2593 ἐῶ
977 2542 1328 2596 ηΚαππάδοκας
1379 2546 1454 2594 καὶ
1501 2543 1680 2609 Σύρους
1726 2545 1802 2593 καὶ

279 2628 386 2680 τοὺς
438 2626 522 2690 τὴν
563 2625 760 2689 Ἰνδικὴν
812 2627 970 2692 χώραν
1023 2632 1351 2680 κατοικοῦντας
1402 2626 1678 2692 ἀνθρώπους
1728 2627 1797 2677 ἐπ’

335 2788 349 2813 t
368 2788 471 2833 εἴποι]
497 2788 572 2831 εἴπῃ
592 2794 617 2822 t.
715 2793 735 2811 ¹¹
756 2787 930 2833 κέχρηται]
955 2789 1075 2832 χρῆται
1097 2789 1166 2822 B.t.
1189 2795 1224 2823 et
1245 2789 1374 2822 omisso
1395 2793 1542 2822 accentu
1564 2788 1599 2821 S.
1694 2792 1713 2811 Χ
1733 2786 1797 2820 πό-

280 2842 352 2887 λιν]
377 2840 533 2886 εὐτυχίαν
557 2842 597 2876 B.
708 2847 726 2873 Y
746 2839 905 2883 μηδέποτ’
927 2841 962 2874 ἐν
983 2853 1103 2887 margo
1124 2843 1177 2875 ed.
1194 2842 1301 2876 Paris.
1325 2854 1354 2875 a.
1374 2851 1487 2887 1570.
1516 2840 1686 2883 μηδέποτε
1706 2840 1795 2874 libri.

280 2901 297 2919 Ζ
319 2895 501 2941 προσήκει]
527 2908 697 2940 προσηκεν
718 2906 769 2939 pr.
792 2894 825 2927 S.
979 2900 997 2918 a
1019 2895 1260 2941 Καππάδοκος]
1285 2895 1500 2929 καππαδόκιις
1522 2893 1591 2927 Bm
1613 2899 1648 2927 et
1667 2904 1735 2927 rec.
1759 2892 1794 2927 S.

280 2949 338 2994 qui
359 2961 377 2982 a
397 2961 449 2994 pr.
471 2961 516 2982 m.
538 2954 720 2982 accentum
742 2947 876 2982 nullum
897 2947 1014 2982 habet.
