2009 3286
235 188 347 226 1238
790 188 1218 226 ΔΗΜΟΣΘΕΝΟΎΣ
1407 186 1487 224 Ost.
1509 186 1558 224 L.
1584 200 1623 239 p.
1651 194 1885 235 1214,11-··-7

164 318 218 359 32
310 299 461 369 Μόνῳ
487 302 642 350 τοίνυν
668 301 819 367 τούτῳ
844 304 939 350 τῶν
966 299 1132 349 ἄλλων
1153 298 1384 365 διαδόχων
1406 299 1488 348 οὐκ
1515 297 1617 348 ε”στι
1644 296 1761 362 πρό-

233 389 382 453 φασις
419 384 778 448 ὑπολειπομένη,
815 382 931 433 διότι
968 384 1021 433 οὐ
1060 382 1212 433 πάλαι
1246 382 1356 446 ἧκεν
1391 384 1464 433 ἐπὶ
1503 380 1588 445 τὴν
1626 386 1755 430 ναῦν.

233 469 258 519 ὃ
285 467 378 534 γὰρ
406 467 669 531 Εὐκτήμων
696 469 720 517 ὁ
743 465 1148 533 πεντηκόνταρχος
1175 468 1238 519 ὡς
1263 468 1313 516 ἐκ
1339 472 1423 516 τοῦ
1447 463 1761 528 εΕλλησπόν-

232 575 314 603 του
377 550 628 616 ἀπεστάλη
692 551 845 601 οἴκαδε
910 548 1196 613 ἀσθενήσας,
1252 549 1407 612 ἐπειδὴ
1464 548 1759 598 κατέπλευσε

233 637 309 686 καὶ
336 635 509 698 ἤκουσε
543 640 710 685 τοῦτον
743 635 843 696 ἐμοὶ
875 631 1094 699 διάδοχον
1120 631 1486 695 Χκαθεστηκότα,
1515 627 1645 682 εἰδὼς
1677 626 1758 678 τόν
1774 649 1809 680 15

232 742 283 770 τε
309 719 481 786 χρόνον
508 717 737 787 ἐξήκοντά
769 739 848 780 μοι
882 719 965 779 τῆς
996 716 1298 782 τριηραρχίας
1330 716 1404 764 καὶ
1433 713 1520 777 ἤδη
1548 715 1752 778 ἐπιτριη-

164 821 217 863 33
231 802 501 870 ραρχοῦντά
552 825 623 866 με,
672 800 970 867 παραλαβὼν
1020 800 1210 850 Δεινίαν
1260 798 1342 849 τὸν
1393 796 1627 861 κηδεστὴν
1678 796 1760 846 τὸν

232 887 344 951 ἐμὸν
388 885 702 953 προσέρχεται
753 886 878 953 αὐτῷ
923 885 971 934 ἐν
1015 887 1081 952 τῷ
1126 884 1350 948 δείγματι,
1395 883 1470 932 καὶ
1515 879 1759 931 Υέκέλευεν

233 971 375 1023 αὐτὸν
402 973 463 1024 ὡς
489 969 695 1037 τάχιστα
726 970 802 1019 ἐπὶ
835 967 920 1031 τὴν
953 973 1066 1018 ναῦν
1097 969 1330 1018 ἀποπλεῖν
1357 968 1418 1018 ὡς
1445 969 1538 1015 τῶν
1565 967 1752 1014 ἀναλω-
1773 984 1813 1006 20

233 1055 397 1120 μάτων
430 1059 631 1106 πολλῶν
665 1053 826 1114 ὄντων,
853 1050 913 1102 Ζᾶ
939 1053 1039 1102 καθ’
1069 1051 1272 1117 Ἆὴμέραν
1304 1049 1511 1113 ἑκάστην
1546 1046 1665 1113 πρὸς
1696 1055 1763 1116 τῷ

233 1139 362 1207 παρὰ
397 1145 479 1190 τοῦ
517 1142 792 1205 στρατηγοῦ
834 1136 1092 1204 σιτηρεσίῳ
1129 1139 1190 1188 εἰς
1229 1134 1314 1198 τὴν
1354 1139 1467 1184 ναῦν
1502 1131 1762 1201 1)διδομε’νῳ

234 1224 531 1288 ἀνηλίσκετο,
568 1222 669 1272 καθ’
705 1221 907 1270 ἕκαστον
947 1221 1072 1288 αὐτῷ
1112 1218 1294 1287 διεξιὼν
1327 1216 1435 1270 τούς
1471 1240 1520 1267 τε
1558 1214 1761 1280 μισθοὺς

233 1307 340 1361 τοὺς
380 1312 438 1375 τῇ
478 1307 710 1374 ὑπηρεσίᾳ
756 1307 831 1356 καὶ
875 1309 971 1357 τοῖς
1016 1303 1260 1363 ἐπιβάταις
1306 1300 1425 1352 κατὰ
1465 1304 1591 1365 μῆνα
1631 1302 1755 1351 διδο-

164 1412 221 1453 34
233 1392 412 1456 με’νους,
457 1396 552 1444 τοῖς
601 1414 650 1441 τε
701 1389 887 1442 ναύταις
939 1388 1017 1441 οὓς
1067 1387 1206 1440 αὐτὸς
1257 1388 1307 1437 ἐκ
1357 1389 1439 1449 τῆς
1485 1384 1760 1452 Λαμψάκου
1774 1402 1811 1433 25

234 1476 554 1540 ἐμισθώσατο,
586 1476 661 1525 καὶ
696 1479 792 1527 τοῖς
828 1474 1027 1538 ὕστερον
1059 1473 1324 1535 ἐπεμβᾶσιν
1356 1471 1457 1520 ἀντὶ
1487 1473 1582 1519 τῶν
1608 1470 1757 1519 Οάπο-

236 1559 489 1622 λιπόντων,
522 1559 587 1610 ε”τι
620 1558 667 1609 δὲ
703 1557 727 1608 ὃ
760 1562 855 1609 τῶν
889 1557 1098 1624 ἀρχαίων
1137 1559 1318 1607 ναυτῶν
1354 1553 1541 1623 ἑκάστῳ
1577 1554 1755 1619 προσέ-

237 1649 358 1709 θηκα
390 1642 610 1707 δεηθέντι,
641 1641 796 1706 ἐπειδή
829 1641 949 1704 ὁμου
983 1642 1008 1690 ὁ
1041 1639 1210 1707 χρόνος
1247 1639 1381 1707 ἐξῆκε
1416 1641 1499 1702 τῆς
1533 1659 1754 1703 τριηραρ-

234 1731 353 1796 χίας,
392 1730 466 1778 καὶ
505 1728 666 1778 τᾶλλα
705 1726 800 1776 ὅσα
837 1723 894 1788 ἧν
929 1723 988 1775 τὰ
1023 1725 1124 1774 καθ’
1154 1722 1360 1788 θὴμέραν
1399 1721 1605 1785 ἑκάστην
1640 1724 1755 1772 ἀνα-

235 1814 498 1876 λισκόμενα
548 1816 611 1864 εἷς
660 1811 747 1874 τὴν
799 1815 926 1870 ναῦν,
974 1808 1056 1858 οὐκ
1107 1808 1308 1872 ἀπείρως
1357 1806 1492 1873 ἔχων·
1549 1805 1625 1856 διὰ
1668 1806 1850 1872 γὰρηι
1859 1822 1884 1867 5

235 1898 407 1948 ἐκείνου
464 1897 980 1960 πεντηκονταρχοῦντος
1031 1893 1106 1941 καὶ
1157 1889 1410 1957 ἠγοράζετο
1462 1890 1539 1939 καὶ
1589 1889 1757 1953 ἀνηλί-

235 2004 392 2032 σκετο.
461 1982 536 2031 καὶ
586 1981 691 2045 περὶ
741 1983 835 2029 τῶν
885 1981 1068 2027 σκευῶν
1119 1975 1315 2044 ἔφραζεν
1363 1976 1502 2044 αὐτῷ,
1551 1974 1621 2024 ὅτι
1669 1974 1762 2024 ’ίδια

166 2082 218 2123 35
236 2067 385 2133 ε”χοιμι
421 2067 496 2116 καὶ
531 2062 761 2127 δημόσιον
795 2061 941 2112 οὐδέν·
985 2064 1047 2114 ὡς
1074 2061 1168 2123 οὖν,
1195 2060 1300 2129 ἔφη,
1326 2058 1355 2124 ἢ
1382 2059 1562 2111 πείσων
1588 2061 1760 2110 ἐκεῖνον

235 2154 433 2210 διανοοῦ,
473 2148 502 2212 ἢ
542 2147 687 2210 σκεύη
733 2146 853 2213 ἔχων
897 2149 1061 2214 σαυτῷ
1105 2145 1322 2195 ἀνάπλει.
1384 2142 1511 2207 οἶμαι
1550 2144 1605 2195 δέ
1639 2143 1789 2207 ἱσοι,5

236 2233 342 2299 ἔφη,
369 2230 511 2281 αὐτὸν
545 2229 676 2280 οὐδὲν
706 2230 982 2279 διοίσεσθαι·
1023 2229 1208 2296 ὀφείλει
1233 2227 1326 2293 γὰρ
1353 2228 1577 2293 ἀργύριον
1604 2228 1706 2289 ἐκεῖ,
1735 2226 1759 2276 ’ὸ

236 2319 460 2366 διαλῦσαι
486 2313 780 2376 βουλήσεται
805 2313 854 2362 ἐκ
886 2314 968 2374 τῆς
999 2314 1134 2374 τιμῆς
1168 2315 1262 2361 τῶν
1298 2315 1495 2361 σκευῶν.
1551 2311 1760 2363 ἀκούσας

236 2401 273 2448 δ’
316 2398 447 2451 οὗτος
487 2403 634 2447 ταῦτα
672 2402 754 2446 τοῦ
797 2397 834 2446 τ’
877 2395 1178 2459 Εὐκτήμονος
1217 2397 1291 2445 καὶ
1329 2400 1412 2445 τοῦ
1452 2396 1638 2445 Δεινίου
1676 2401 1759 2444 τοῦ

237 2485 467 2546 κηδεστοῦ
503 2486 585 2530 τοῦ
620 2482 746 2543 ἐμοῦ,
771 2481 876 2545 περὶ
903 2478 987 2543 μὲν
1014 2477 1079 2529 ῶν
1105 2479 1271 2543 ε”λεγον
1297 2479 1421 2546 αὐτῷ
1448 2477 1578 2528 οὐδὲν
1605 2479 1760 2531 αὐτοῖς

237 2566 547 2630 ἀποκρίνεται,
593 2562 868 2628 γελάσαντα
914 2565 955 2612 δ’
1001 2563 1191 2630 ἔφασαν
1234 2561 1375 2612 αὐτὸν
1426 2566 1567 2612 εἰπεῖν
1612 2570 1638 2590 “
1655 2562 1758 2627 ἄρτι
1778 2586 1813 2606 10

238 2658 263 2677 “
289 2655 377 2713 μῦς
428 2648 592 2710 πίττης
639 2646 865 2710 γεύεται·“’
922 2645 1144 2706 ἐβούλετο
1190 2644 1282 2710 γὰρ
1326 2646 1576 2708 Ἀθηναῖος
1625 2643 1754 2695 εἶναι,

291 2829 305 2843 λ’
328 2822 557 2864 καθεστηκότα
580 2832 650 2855 om.
674 2821 714 2853 Α.
854 2826 870 2851 5
893 2819 1062 2864 ἐκέλευεν]
1088 2820 1267 2853 ἐκέλευσεν
1286 2831 1337 2863 pr.
1362 2821 1397 2853 S.
1540 2824 1556 2842 Ζ
1581 2817 1600 2850 ἃ
1621 2830 1691 2851 om.
1713 2817 1760 2855 Q.

237 2881 255 2900 st
276 2875 400 2920 ἡμέραν
420 2874 584 2920 ἑκάστην]
610 2874 754 2916 ἑκάστην
775 2872 898 2918 ἡμέραν
920 2873 957 2905 F.
1040 2869 1058 2895 Ῑ)
1080 2871 1258 2919 διδομένῳ]
1282 2872 1459 2916 διδομένου
1482 2872 1518 2906 S.
1602 2877 1617 2895 C
1637 2871 1760 2904 ἀπολι-

236 2928 386 2973 πόντων]
411 2928 668 2961 ἀπολειπόντων
690 2928 724 2960 S.
823 2923 840 2949 d
861 2941 924 2969 μου
947 2928 980 2959 S.
1018 2926 1217 2970 Logcbutur
1237 2940 1305 2969 μοι.
1412 2931 1427 2950 ⁰
1448 2926 1572 2970 ἡμέραν
1593 2923 1756 2968 ἑκάστην]

238 2982 381 3024 ἑκάστην
403 2982 526 3027 ἡμέραν
548 2982 586 3015 F.
704 2978 715 3005 s
733 2979 808 3024 σοι]
834 2993 874 3012 σε
895 2992 923 3013 r.
