2009 3286
82 218 268 261 —1272,
289 223 339 247 ιι.
721 207 864 245 ΠΡΟΣ
900 206 1226 245 ΚΑΛΛῙΚΛΕΑ.
1625 204 1735 248 1295

913 431 1024 479 NE.

274 567 492 621 ΠΡΟΣ
548 565 1036 619 ΚΑΛΛΙΚΛΕΑ
1091 566 1280 619 ΠΕΡΙ
1337 566 1664 619 ΧΩΡΙΟΤ.

841 823 851 850 i
863 829 1101 860 ΥΠΟΘΕΣΙΣ.

263 925 471 969 Καλλικλῆς,
491 925 579 971 πρὸς
601 923 640 958 ὃν
662 925 681 957 ὁ
703 924 820 970 λόγος,
841 923 895 958 καὶ
920 924 939 956 ὁ
965 922 1027 967 τὴν
1052 921 1146 967 δίκην
1170 920 1227 956 ὑπ’
1247 921 1375 956 ἐκείνου
1394 917 1568 968 Κφεὺγων
1586 920 1736 968 γείτονες

207 987 296 1032 ἦσαν
316 989 352 1023 ἐν
369 988 497 1037 χωρίῳ,
518 989 586 1036 ὁδῷ
604 988 694 1033 μέσῃ
715 988 950 1034 διειργόμενοι.
985 984 1220 1032 Ῑδυσομβρίας
1242 986 1279 1020 δέ
1299 987 1494 1030 συμβάσης,
1517 986 1564 1021 εἷς
1582 986 1622 1020 τὸ
1642 987 1734 1019 Καλ-
1747 995 1763 1027 5

207 1052 365 1089 λικλέους
390 1053 517 1099 χωρίον
543 1051 632 1098 ὕδωρ
658 1052 810 1097 ἐμπεσὸν
836 1052 872 1086 ἐκ
900 1052 960 1096 τῆς
988 1052 1069 1085 ὁδοῦ
1098 1050 1363 1096 κατελυμήνατο.
1404 1050 1458 1084 ἐπὶ
1487 1049 1598 1098 τούτῳ
1624 1051 1736 1084 διώκει

208 1118 345 1161 βλάβης
369 1118 429 1151 τὸν
452 1116 600 1163 γείτονα·
628 1113 712 1150 εἶναι
730 1117 797 1162 γάρ
817 1117 927 1161 φησιν
947 1116 982 1150 ἐν
1001 1117 1048 1163 τῷ
1067 1116 1188 1150 Τισίου
1207 1116 1322 1163 χωρίῳ
1341 1115 1515 1161 χαράδραν
1539 1115 1585 1150 εἷς
1608 1115 1734 1149 ὑποδο-

208 1181 274 1227 χὴν
295 1184 357 1216 τοῦ
382 1180 505 1217 ὕδατος
527 1183 590 1216 τοῦ
616 1181 652 1215 ἐκ
675 1182 735 1225 τῆς
757 1181 840 1215 ὁδοῦ
865 1181 1077 1225 ποιηθεῖσαν,
1098 1179 1137 1225 ἣν
1157 1180 1521 1225 ῐῘ1άιτοικοδομὴσαντα
1546 1182 1605 1215 νῦν
1628 1180 1737 1214 αἷτίαν

209 1245 316 1292 ἑαυτῷ
344 1245 479 1288 βλάβης
506 1244 678 1290 γενέσθαι.
721 1245 740 1278 ὁ
768 1245 805 1278 δὲ
834 1246 895 1278 τοῦ
922 1243 1044 1279 Τισίου
1072 1246 1151 1279 παῖς
1182 1246 1319 1290 πρῶτον
1351 1244 1413 1288 μέν
1441 1244 1586 1278 παλαιὸν
1614 1244 1668 1277 καὶ
1696 1243 1735 1277 οὐ
1753 1252 1790 1274 10

210 1307 252 1343 δι’
276 1310 396 1343 ἑαυτοῦ
424 1309 464 1342 τὸ
491 1309 625 1355 Πὲργον
654 1306 816 1343 δείκνυσι·
853 1310 976 1351 ζῶντος
1003 1308 1070 1355 γὰρ
1099 1309 1148 1342 ἔτι
1177 1309 1231 1342 καὶ
1259 1310 1320 1342 τοῦ
1347 1308 1581 1343 Καλλικλέους
1608 1308 1737 1353 πατρὸς

209 1372 517 1417 ἆποικοδομηθῆναι
546 1372 607 1417 τὴν
631 1374 805 1419 χαράδραν
830 1373 941 1418 φησὶν
972 1373 1036 1406 ὑπὸ
1065 1375 1126 1407 τοῦ
1152 1372 1284 1406 Τισίου·
1315 1373 1431 1406 ἔπειτα
1460 1372 1667 1416 συνίστησιν
1694 1372 1738 1407 ὡς

209 1437 288 1472 οὐδὲ
306 1438 461 1484 χαράδρα
480 1443 563 1473 οτις
582 1438 622 1471 τὸ
644 1438 771 1483 χωρίον
793 1438 883 1472 ἐστί.
922 1436 1077 1483 διασύρει
1101 1437 1138 1471 δὲ
1162 1438 1215 1472 καὶ
1240 1437 1301 1480 τὴν
1325 1438 1512 1481 συμβᾶσαν
1534 1438 1582 1484 τῷ
1605 1438 1736 1470 Καλλι-

209 1503 283 1536 κλεῖ
309 1503 447 1545 βλάβην
475 1502 520 1538 ὡς
547 1502 669 1548 μικρὰν
698 1503 752 1537 καὶ
782 1502 841 1536 οὐκ
873 1501 971 1547 ἀξίαν
999 1500 1202 1546 τηλικαύτης
1231 1502 1335 1546 δίκης,
1364 1502 1418 1535 καὶ
1446 1501 1485 1535 τὸ
1514 1500 1596 1534 ὅλον
1624 1499 1736 1545 ἠδικῆ-
1754 1513 1788 1543 15

209 1567 291 1602 σθαι
318 1567 380 1611 μὲν
407 1567 505 1600 οὐδέν
531 1568 622 1612 φησι
652 1567 712 1601 τὸν
738 1565 945 1608 Καλλικλέα,
973 1566 1148 1610 ἐπιθυμεῖν
1173 1565 1210 1600 δέ
1238 1568 1305 1600 τῶν
1328 1565 1465 1611 χωρίων
1491 1568 1591 1599 Ρτῶν
1617 1566 1737 1600 ἑαυτοῦ

209 1632 263 1666 καὶ
283 1632 338 1666 διὰ
357 1633 458 1665 τοῦτο
477 1629 714 1677 συκοφαντίας
732 1632 950 1677 μηχανᾶσθαι
969 1632 1095 1667 πάσας.

212 1723 380 1800 ΟΥΚ
417 1747 474 1813 ἧν
509 1748 594 1816 ἄρ’,
620 1746 657 1799 ῶ
690 1748 855 1814 ἄνδρες
886 1749 1144 1813 Ἀθηναῖοι,
1176 1747 1510 1815 χαλεπώτερον
1544 1745 1676 1798 οὐδὲν
1708 1744 1862 1810 ἣ127α

209 1833 417 1899 γείτονος
454 1838 663 1900 πονηροῦ
700 1835 777 1883 καὶ
815 1832 1101 1884 πλεονέκτου
1139 1838 1308 1900 τυχεῖν,
1349 1832 1464 1898 ὅπερ
1500 1833 1600 1896 ἐμοὶ
1639 1834 1739 1883 νυνὶ

210 1918 559 1982 Ἶσυμβέβηκεν.
616 1917 911 1982 ἐπιθυμήσας
944 1916 1037 1984 γὰρ
1070 1921 1165 1968 τῶν
1199 1916 1384 1984 χωρίων
1417 1939 1508 1980 μου
1542 1920 1731 1966 Καλλι-

208 2006 329 2067 κλῆς
364 2004 486 2054 οὕτω
521 2002 774 2054 διατέθεικέ
806 2026 863 2066 με
899 2005 1230 2069 συκοφαντῶν,
1265 1999 1391 2051 ὥστε
1428 2005 1618 2067 πρῶτον
1653 1999 1767 2063 μὲν5

211 2086 294 2138 τὸν
330 2087 528 2156 ἀνεψιὸν
563 2086 676 2138 Γτὸν
713 2089 877 2138 ἑαυτοῦ
915 2084 1262 2136 κατεσκεύασεν
1297 2087 1621 2152 ἀμφισβητεῖν
1658 2107 1738 2147 μοι

175 2176 307 2223 2τῶν
344 2172 543 2239 χωρίων,
583 2171 876 2240 ἐξελεγχθεὶς
916 2169 965 2220 δὲ
1006 2173 1221 2238 φανερῶς
1261 2171 1338 2219 καὶ
1381 2168 1738 2234 περιγενομένου

211 2278 302 2320 μου
329 2259 411 2320 τῆς
438 2256 643 2307 5τούτων
668 2255 927 2322 σκευωρίας
959 2253 1107 2305 πάλιν
1139 2253 1222 2304 δύο
1254 2253 1382 2306 δίκας
1416 2252 1613 2318 ἐρήμους
1645 2275 1738 2316 μου

211 2340 596 2408 κατεδιῃτήσατο,
622 2339 708 2404 τὴν
734 2339 820 2404 μὲν
845 2336 985 2392 αὐτὸς
1010 2338 1179 2405 χιλίων
1203 2340 1441 2404 δραχμῶν,
1468 2336 1554 2401 τὴν
1580 2335 1629 2387 δὲ
1654 2335 1737 2388 τὸν
1753 2358 1791 2380 ¹0

212 2424 426 2494 ἀδελφὸν
457 2426 641 2476 τουτονὶ
674 2425 845 2477 πείσας
876 2424 889 2450 t
909 2421 1267 2489 Καλλικράτην.
1323 2421 1486 2486 δέομαι
1520 2420 1577 2486 δὴ
1609 2420 1734 2473 πάν-

268 2597 277 2625 ῑ
302 2600 561 2646 Argumentum
581 2612 601 2634 a
621 2612 667 2634 m.
688 2612 757 2634 rec.
778 2600 884 2634 habet
907 2600 941 2634 S.
1099 2596 1119 2624 k
1143 2597 1284 2645 φεύγων
1303 2599 1465 2633 WVolfius.
1499 2598 1626 2632 διώκων
1646 2596 1736 2630 libri.

213 2651 222 2680 Ῑ
244 2653 475 2700 δυσομβρίας]
505 2654 692 2699 ἐπομβρίας
716 2666 837 2699 margo
861 2654 916 2687 ed.
941 2653 1049 2686 Paris.
1069 2665 1102 2687 a.
1129 2659 1238 2699 1570.
1261 2653 1319 2696 (ex
1339 2665 1373 2698 p.
1394 2660 1506 2698 1274,
1526 2652 1604 2693 21.)
1646 2651 1735 2683 δινο·

213 2706 291 2749 βίας
314 2707 432 2753 vulgo.
473 2707 619 2750 δηωβίας
646 2708 684 2741 F.
720 2708 759 2751 δη
785 2707 863 2747 βίας
888 2708 930 2741 B.
966 2704 1027 2740 δύο
1054 2706 1132 2747 βίας
1160 2708 1208 2746 S„
1234 2707 1329 2752 quod
1354 2718 1397 2740 ex
1422 2704 1635 2749 δυσυμβρίας
1661 2715 1737 2737 cor-

214 2767 369 2807 ruptum,
391 2761 486 2806 quod
508 2761 623 2805 ipsum
644 2773 784 2806 quoque
807 2761 844 2794 in
863 2775 918 2806 γρ.
940 2760 1046 2794 habet
1065 2772 1187 2806 margo
1208 2760 1261 2794 ed.
1281 2760 1402 2800 Paris„
1423 2770 1559 2803 egoque
1584 2756 1734 2790 restitui.

215 2821 246 2840 m
266 2813 587 2858 ἀποικοδομήσαντα
608 2814 783 2860 Sauppius
804 2826 846 2848 ex
867 2826 900 2859 p.
919 2824 932 2848 1
946 2820 1031 2860 275,
1048 2825 1085 2859 4.
1115 2812 1390 2856 ἀποικοδομήσας
1410 2812 1530 2856 vulgo.
1563 2809 1737 2843 ἁπωκοδό-

214 2882 327 2911 μησας
348 2868 474 2902 B.F.S.
505 2867 833 2911 ἀποικοδομηθεῖσαν
854 2867 1029 2901 Reiskius.
1154 2872 1174 2891 ¹¹
1193 2866 1310 2912 ἔργον]
1337 2866 1459 2899 στενὸν
1480 2866 1514 2897 S.
1627 2867 1645 2887 0
1664 2861 1732 2908 τις]

214 2921 263 2957 εἷς
283 2921 318 2955 S.
390 2927 408 2954 Ι)
428 2923 496 2954 τῶν
515 2921 673 2954 additum
693 2933 736 2955 ex
758 2921 884 2955 B.F.S.
960 2924 976 2947 ‘1
997 2919 1231 2966 συμβέβηκεν]
1258 2920 1385 2962 συνέβη
1406 2919 1477 2951 Am.
1550 2922 1564 2940 Γ
1583 2916 1643 2949 τὸν
1663 2927 1736 2953 om.

216 2975 288 3010 As.
357 2978 372 2998 s
392 2973 539 3020 τούτων]
563 2973 686 3008 τούτου
707 2975 781 3009 A.r.
859 2976 871 3000 t
894 2972 1147 3019 Καλλικράτην]
1173 2973 1433 3018 καλλικριιτίτην
1453 2969 1628 3008 B.l⁴'.S.Q.
1649 2981 1737 3015 quo-

217 3040 294 3062 rum
318 3027 453 3066 B.F.Q.
490 3027 724 3073 Καλλικράτην
745 3028 780 3061 in
799 3042 856 3074 γρ.
879 3027 1021 3061 habent.

946 3100 1011 3128 s2
