2009 3286
224 204 337 246 1498
750 198 1216 253 [ΔΗΜΟΣΘΕΝΟΎΣ]
1309 198 1464 236 EmsT.
1485 196 1574 235 III.
1600 210 1638 250 p.
1659 204 1783 246 1474,
1802 208 1877 232 1—-

962 457 1017 503 Γ.

309 605 499 659 ΠΕΡΙ
550 605 725 656 ΤΩΝ
777 602 1265 655 ΛΤΚΟὙΡΓΟὙ
1315 599 1670 653 ΠΑΙΔΩΝ.

248 754 647 793 ΔΗΜΟΣΘΕΝΗΣ
679 754 772 790 ΤΗι
804 753 1006 790 ΒΟΥΛΗι
1039 752 1129 789 ΚΑΙ
1160 751 1252 788 ΤΩι
1285 750 1469 787 ΔΗΜΩι
1500 748 1738 786 ΧΑΙΡΕΙΝ.

236 838 437 911 ΠΕΡΙ
471 856 554 919 μὲν
583 861 677 907 τῶν
711 856 808 906 κατ’
838 854 1051 919 ἐμαυτὸν,
1080 852 1110 904 ἅ
1142 877 1222 917 μοι
1255 853 1364 919 παρ’
1395 853 1525 915 ὑμῶν
1551 850 1758 917 ἐνόμιζον

228 944 407 994 δίκαιον
433 939 547 992 εἶναι
573 940 809 1005 γενέσθαι,
836 939 922 1003 τὴν
948 938 1209 1004 ἕπροτέραν
1241 937 1436 1003 ἔπεμψα
1469 934 1588 1002 πρὸς
1621 937 1753 998 ὑμᾶς·

231 1025 345 1092 ὑπὲρ
378 1024 443 1075 ὧν
476 1025 589 1075 ὅταν
625 1026 732 1087 ὑμῖν
767 1026 896 1091 δοκῇ,
923 1023 1027 1074 τότε
1064 1021 1419 1088 συγχωρήσετε.
1472 1022 1578 1086 περὶ
1612 1018 1661 1069 δὲ
1694 1017 1758 1069 ὧν

232 1117 314 1161 νῦν
358 1110 645 1170 ἐπέσταλκα,
686 1109 952 1172 βουλοίμην
997 1105 1055 1156 ἂν
1098 1108 1214 1168 ὑμᾶς
1261 1104 1326 1168 μὴ
1372 1106 1596 1170 παριδεῖν,
1643 1102 1788 1166 μηδὲ5

230 1193 350 1261 πρὸς
387 1193 691 1261 φιλονεικίαν,
726 1191 858 1242 ἀλλὰ
895 1191 1013 1257 πρὸς
1054 1190 1107 1241 τὸ
1144 1191 1320 1241 δίκαιον
1361 1191 1576 1240 ἀκοῦσαι.
1629 1211 1755 1252 συμ-

233 1278 383 1339 βαίνει
433 1275 524 1342 γάρ
575 1298 667 1339 μοι,
721 1277 885 1339 καίπερ
937 1274 1147 1325 ἐκποδὼν
1205 1274 1508 1339 διατρίβοντι,
1560 1277 1763 1323 πολλῶν

233 1361 417 1412 ἀκούειν
462 1359 781 1423 ἐπιτιμώντων
828 1361 935 1421 ὑμῖν
979 1358 1110 1411 ΙἋτοΐς·
1157 1359 1261 1423 περὶ
1308 1355 1439 1410 ἰτοὺς·
1485 1356 1763 1423 Λυκούργου

199 1448 404 1499 απαῖδας
439 1443 742 1510 γιγνομένοις.
795 1444 1048 1494 ἐπέστειλα
1086 1442 1170 1505 μὲν
1205 1443 1287 1493 οὖν
1320 1439 1416 1492 Κᾶν
1450 1441 1536 1504 τὴν
1571 1443 1761 1493 ἐπιστο-
1780 1468 1816 1490 10

237 1529 328 1594 λὴν
359 1531 434 1579 καὶ
469 1533 563 1578 τῶν
597 1527 753 1596 ἐκείνῳ
785 1527 919 1593 ζῶντι
954 1525 1298 1591 πεπραγμένων
1330 1525 1474 1586 ἕνεκα,
1502 1523 1567 1574 ὧν
1593 1525 1763 1588 ὁμοίως

237 1616 338 1678 ἐμοὶ
372 1612 544 1665 πάντες
579 1610 637 1661 ἂν
672 1612 798 1678 αὐτῷ
833 1611 1019 1663 δικαίως
1054 1609 1201 1676 ε”χοιτε
1233 1607 1384 1675 χάριν,
1412 1612 1449 1658 εἷ,
1482 1606 1541 1658 τὰ
1572 1607 1759 1673 προσή-

238 1720 382 1748 κοντα
406 1696 666 1757 βούλοισθε
692 1699 854 1746 ποιεῖν.
906 1696 1074 1747 ἐκεῖνος
1100 1691 1193 1759 γὰρ
1218 1691 1359 1742 αὑτὸν
1385 1693 1432 1742 ἐν
1458 1695 1525 1760 τῷ
1549 1693 1655 1757 περὶ
1679 1689 1766 1754 τὴν

239 1783 469 1844 διοίκησιν
513 1779 639 1845 μέρει
681 1778 830 1847 τάξας·
867 1780 949 1841 τῆς
993 1777 1232 1829 πολιτείας
1269 1774 1323 1825 τὸ
1363 1776 1460 1825 κατ’
1503 1773 1652 1841 ἀρχὰς
1690 1775 1764 1824 καὶ

237 1868 344 1932 περὶ
369 1869 464 1916 τῶν
489 1865 788 1927 Ἑλληνικῶν
820 1865 895 1912 καὶ
931 1864 1247 1927 συμμαχικῶν
1280 1858 1413 1909 οὐδὲν
1443 1858 1613 1912 εἰωθὼς
1639 1856 1761 1924 γρά-
1782 1874 1817 1906 15

240 1955 360 2017 φειν,
381 1948 455 2000 ὅτε
483 1951 557 1998 καὶ
584 1951 679 1998 τῶν
702 1950 964 2010 δημοτικῶν
991 1942 1104 1995 εἶναι
1131 1942 1552 2010 προσποιουμένων
1578 1946 1620 1992 οἱ
1645 1948 1764 1993 πολ-

241 2036 318 2084 λοὶ
355 2032 635 2083 1κατέλιπον
676 2032 806 2094 ὑμᾶς,
846 2027 951 2080 τότε
996 2033 1097 2082 ταῖς
1140 2034 1223 2079 τοῦ
1268 2027 1418 2092 δήμου
1461 2026 1767 2094 προαιρέσεσι
1786 2039 1889 2083 1475

201 2116 547 2184 3προσένειμεν
593 2114 770 2176 ἑαυτὸν,
816 2114 903 2180 οὐχ
949 2112 1019 2163 ὅτι
1066 2111 1240 2178 δωρεὰς
1287 2114 1361 2162 καὶ
1406 2109 1673 2177 προσόδους
1717 2111 1767 2160 ἐκ

242 2201 419 2253 τούτων
455 2203 634 2267 ὑπῆρχε
671 2197 950 2262 λαμβάνειν·
993 2195 1087 2248 ἀπὸ
1115 2196 1208 2263 γὰρ
1234 2201 1328 2247 τῶν
1360 2196 1579 2246 ἐναντίων
1611 2193 1768 2245 πάντα

241 2285 341 2337 ωτοὶ
372 2290 564 2336 τοιαῦτα
595 2285 816 2349 ἐγίγνετο·
858 2283 951 2332 οὐδ’
981 2282 1051 2332 ὅτι
1083 2280 1257 2345 ταύτην
1283 2279 1656 2348 ἀσφαλεστέραν
1682 2277 1769 2342 τὴν

241 2370 519 2436 προαίρεσιν
551 2368 700 2417 οὖσαν
735 2367 872 2431 ἑώρα·
915 2364 1130 2418 πολλοὺς
1156 2364 1250 2430 γὰρ
1277 2367 1352 2415 καὶ
1378 2364 1646 2430 προδήλους
1675 2361 1797 2430 εἶχες

244 2453 495 2511 κινδύνους,
528 2450 607 2502 οὓς
643 2452 897 2513 ἀναγκαῖον
932 2447 990 2511 ἦν
1025 2449 1266 2511 ὑπομεῖναι
1303 2447 1385 2498 τὸν
1421 2446 1535 2512 ὑπὲρ
1568 2452 1652 2497 τοῦ
1688 2445 1769 2509 δή-

244 2559 335 2599 μου
363 2543 381 2560 ¹¹
396 2535 550 2599 λέγειν
581 2531 963 2598 προαιρούμενον·
1004 2533 1114 2581 ἀλλ’
1144 2531 1214 2581 ὅτι
1247 2531 1494 2595 δημοτικὸς
1524 2534 1598 2581 καὶ
1625 2530 1769 2598 φύσει

206 2637 234 2676 4
246 2617 456 2687 χρηστὸς
489 2616 606 2682 ἀνὴρ
638 2615 709 2679 ἧν.
767 2616 914 2665 καίτοι
948 2614 1113 2680 παρὼν
1148 2614 1269 2680 ἑώρα
1303 2613 1411 2667 τοὺς
1446 2614 1530 2677 μὲν
1557 2613 1764 2677 Οβοηθή-

246 2725 425 2754 σαντας
464 2703 530 2769 τῷ
565 2698 697 2768 δήμῳ
732 2701 943 2751 ἀσθενεῖς
976 2700 1051 2748 ἐπὶ
1089 2702 1185 2751 τοῖς
1219 2697 1583 2761 συμβεβηκόσιν
1617 2694 1769 2758 ὄντας,
1787 2723 1823 2743 ιο

305 2864 324 2891 g
343 2856 528 2904 προτέραν]
552 2857 720 2902 προτέραν
739 2855 927 2898 ἐπιστολὴν
947 2854 991 2892 Q.
1013 2860 1047 2888 et
1067 2868 1121 2900 γρ.
1144 2854 1183 2888 Β.
1272 2851 1291 2877 h
1312 2855 1382 2888 τοῖς
1404 2852 1535 2891 B.S.Q.
1572 2852 1771 2897 Legebatur

251 2913 305 2946 ἐπὶ
324 2913 405 2946 τοῖς.
467 2908 475 2934 i
495 2910 592 2955 τοὺς]
617 2912 677 2942 τοῦ
697 2914 724 2942 t.
794 2905 813 2931 k
835 2906 874 2941 ἂν
894 2920 964 2941 om.
984 2908 1030 2945 Q.
1103 2904 1112 2931 Ῑ
1133 2906 1333 2951 κατέλιπον]
1357 2904 1558 2940 κατ-ἔλειπον
1579 2905 1616 2941 S,
1680 2910 1709 2928 m
1729 2904 1772 2937 τὰ

252 2977 320 2998 om.
345 2965 380 2998 S.
486 2970 503 2987 ¹¹
528 2963 641 3009 λέγειν
662 2961 744 2996 RS.
786 2961 985 3006 Legebatur
1004 2962 1118 3004 λέγειν
1139 2961 1191 2994 καὶ
1210 2960 1384 3005 πράττειν.
1498 2964 1516 2982 0
1534 2956 1773 3001 βοηθήσαντας

254 3017 461 3051 Schaeferus.
502 3017 702 3062 Legebatur
721 3013 958 3059 βοηθήσαντας
978 3028 1027 3047 αν.
