2009 3286
235 175 347 216 1488
757 174 1220 231 [ΔΗΜΟΣΘΕΝΟΎΣ]
1353 175 1506 216 EPIST.
1527 174 1564 216 Ῐ.
1588 191 1628 232 p.
1650 176 1886 230 1463‚13--

234 312 366 355 γοντι
391 289 477 354 μὲν
503 291 584 342 οὖν
607 292 739 341 ἐστὶν
765 291 1051 342 ἕαῖσθέσθαι
1086 290 1135 341 τί
1166 291 1403 351 βούλεσθε
1442 292 1518 341 καὶ
1553 289 1751 355 διορθώ-

235 378 421 424 σασθαι
458 374 780 440 τάγνοούμενα
811 375 987 443 ῥᾴδιον·
1030 373 1084 425 τὸ
1119 374 1167 425 δὲ
1201 376 1397 435 βιβλίον
1424 375 1639 438 οὐδεμίαν
1666 374 1760 442 ἔχει

236 457 460 522 βοήθειαν
489 459 707 525 τοιαύτην
740 458 859 526 πρὸς
893 458 1001 513 τοὺς
1040 464 1372 526 θορυβοῦντας.
1429 460 1483 510 οὐ
1517 458 1611 523 μὴν
1645 460 1815 510 ἀλλ’το

237 543 316 593 ἐὰν
367 542 663 608 ᾒέθελήσητε
715 546 916 595 ἀκοῦσαι
966 548 1083 611 σιγῇ
1134 546 1209 595 καὶ
1259 545 1551 611 περιμείνητε
1605 543 1762 595 πάντα

235 630 414 690 μαθεῖν,
455 627 621 691 οἴομαι,
660 627 742 682 i035⁸
787 627 878 678 σὺν
920 632 1039 681 θεοῖς
1075 631 1305 694 εἰρῆσθαι,
1342 630 1507 694 καίπερ
1545 626 1764 694 βραχέων

235 715 331 762 τῶν
355 713 694 778 γεγραμμένων
721 711 882 774 ὄντων,
910 711 1048 765 αὐτός
1086 735 1135 763 τε
1175 713 1482 780 φανήσεσθαι
1515 711 1632 775 μετὰ
1662 711 1755 763 ποί-

237 818 328 859 σης
367 797 543 849 εὐνοίας
580 795 639 846 τὰ
671 795 833 846 δέοντα
865 797 971 862 περὶ
1011 797 1140 857 ὑμῶν
1176 796 1399 862 πράττων
1435 798 1511 846 καὶ
1543 795 1603 846 τὰ
1628 818 1757 859 συμ-

196 879 427 947 4φέρονθ’
450 881 563 943 ὑμῖν·
577 880 764 948 ἐμφανῆ
786 879 965 948 δείξειν.
1010 880 1097 947 οὐχ
1123 882 1185 934 ὡς
1202 879 1505 947 ἀπορούντων
1532 879 1611 931 ι(δὲ
1633 881 1761 942 ὑμῶν
1775 901 1813 932 ²5

234 963 460 1031 ῥητόρων,
488 963 592 1014 οὐδὲ
617 968 711 1014 τῶν
737 963 846 1014 ἄνευ
873 970 1112 1029 λογισμοῦ
1147 964 1316 1033 ῥαδίως
1343 964 1368 1015 ὅ
1393 988 1438 1016 τι
1465 963 1523 1015 ἂν
1552 964 1764 1032 τύχωσιν

237 1047 479 1113 ε’ρούντων,
521 1047 662 1117 ἔδοξέ
695 1071 774 1112 μοι
819 1048 904 1113 τὴν
945 1048 1208 1113 ἐπιστολὴν
1246 1050 1465 1114 πέμπειν·
1510 1051 1620 1100 ἀλλ’
1669 1049 1764 1100 ὅσα

237 1130 459 1199 τυγχάνω
511 1133 570 1182 δι’
622 1133 860 1198 ἐμπειρίαν
921 1134 996 1183 καὶ
1047 1131 1102 1183 τὸ
1152 1134 1618 1200 παρηκολουθηκέναι
1668 1137 1765 1186 τοῖς

236 1216 518 1283 πράγμασιν
559 1216 702 1279 εἰδὼς,
748 1219 875 1268 ταῦτ’
920 1218 1187 1281 ἐβουλήθην
1231 1223 1328 1271 τοῖς
1379 1217 1464 1282 μὲν
1505 1239 1760 1284 προαιρου-
1781 1222 1891 1273 1464

237 1300 390 1366 μένοις
416 1300 572 1367 λέγειν
598 1303 785 1369 ἐμφανῆ
812 1301 1017 1366 ποιήσας
1044 1302 1281 1369 ἀφθόνους
1308 1301 1527 1370 ἀφορμὰς
1557 1300 1622 1352 ὧν
1652 1303 1766 1352 ὑπο-

240 1385 475 1449 λαμβάνω
512 1386 773 1455 συμφέρειν
808 1388 915 1450 ὑμῖν
948 1390 1119 1449 δοῦναι,
1147 1391 1241 1440 τοῖς
1281 1385 1328 1437 δὲ
1363 1390 1565 1439 πολλοῖς
1602 1385 1767 1454 ῥᾳδίαν

239 1469 325 1534 τὴν
365 1475 460 1521 τῶν
503 1470 773 1531 βελτίστων
819 1471 1001 1536 αἵρεσιν
1046 1473 1362 1533 καταστῆσαι.
1429 1468 1510 1520 Ῑῶν
1550 1468 1634 1532 μὲν
1685 1469 1767 1519 οὖν

240 1556 372 1606 ἕνεκα
398 1556 582 1619 ἐπῆλθέ
600 1578 679 1617 μοι
705 1554 791 1618 τὴν
817 1553 1076 1617 ἐπιστολὴν
1102 1553 1316 1622 γράφειν,
1342 1558 1472 1604 ταῦτ’
1500 1553 1615 1604 ε’στί.
1777 1567 1794 1600 5

200 1652 227 1695 5
317 1645 409 1690 Δεῖ
443 1641 480 1690 δ’
509 1641 643 1702 ὑμᾶς,
685 1637 721 1690 ὦ
761 1640 924 1705 ἄνδρες
965 1644 1222 1703 Ἀθηναῖοι,
1258 1643 1448 1704 πρῶτον
1488 1637 1574 1700 μὲν
1611 1637 1766 1688 ἁπάν-

241 1747 337 1774 των
367 1722 487 1790 πρὸς
520 1726 636 1786 ὑμᾶς
677 1722 842 1776 αὐτοὺς
882 1722 1102 1789 ὁμόνοιαν
1135 1728 1197 1776 εἰς
1232 1722 1285 1773 τὸ
1320 1727 1487 1790 Π1κοινῇ
1522 1722 1771 1788 συμφέρον

242 1811 300 1875 τῇ
338 1809 475 1858 πόλει
510 1807 848 1874 παρασχέσθαι
887 1809 961 1857 καὶ
994 1806 1076 1860 τὰς
1110 1809 1159 1857 ἐκ
1196 1811 1288 1857 τῶν
1323 1807 1553 1872 πρότερον
1595 1808 1764 1870 ε’κκλη·

243 1896 363 1942 σιῶν
403 1891 790 1959 ἀμφισβητήσεις
825 1893 975 1953 ἐᾶσαι,
1016 1891 1229 1957 δεύτερον
1270 1889 1318 1942 δὲ
1359 1890 1540 1944 πάντας
1576 1893 1624 1941 ἐκ
1659 1895 1769 1954 μιᾶς

243 1976 434 2041 γνώμης
476 1981 572 2030 τοῖς
617 1975 790 2044 δόξασι
841 1976 1094 2041 προθύμως
1140 1974 1560 2040 συναγωνίζεσθαι·
1604 1977 1665 2028 ὡς
1712 1973 1823 2024 τὸιο

243 2060 360 2124 μηδὲ
400 2060 448 2110 ἓν
487 2062 681 2114 ῃὰπλῶς
713 2058 937 2125 πράττειν
969 2061 1022 2109 οὐ
1060 2059 1205 2122 μόνον
1244 2061 1374 2109 ἐστὶν
1409 2057 1603 2127 ἀνάξιον
1642 2060 1770 2122 ὑμῶν

207 2147 321 2194 ὁκαὶ
349 2143 551 2209 ἀγεννὲς,
578 2143 709 2194 ἀλλὰ
735 2145 810 2194 καὶ
837 2142 944 2197 τοὺς
971 2144 1224 2209 μεγίστους
1263 2142 1502 2196 κινδύνους
1540 2143 1645 2210 ἔχει.
1704 2146 1776 2194 δεῖ

246 2229 294 2278 δὲ
333 2226 447 2291 μηδὲ
487 2234 634 2278 ταῦτα
675 2231 839 2278 λαθεῖν
877 2229 1005 2289 ὑμᾶς,
1038 2227 1068 2277 ἃ
1108 2228 1208 2277 καθ’
1247 2226 1365 2277 αὑτὰ
1402 2226 1486 2288 μὲν
1524 2228 1605 2276 οὐκ
1639 2226 1770 2276 ἔστιν

246 2310 453 2377 αὐτάρκη
493 2316 748 2378 κατασχεῖν
787 2309 1060 2376 πράγματα,
1095 2310 1418 2376 προστεθέντα
1455 2310 1503 2360 δὲ
1545 2315 1645 2363 ταῖς
1683 2313 1763 2360 δυ·-
1784 2336 1820 2366 15

248 2394 418 2457 νάμεσι
462 2398 635 2462 πολλῷ
684 2393 822 2444 πάντ’
866 2393 1328 2459 εὐκατεργαστότερα
1379 2395 1484 2456 ὑμῖν
1537 2393 1766 2458 οποιήσει.

247 2479 351 2528 τίνα
377 2479 458 2528 οὖν
484 2480 586 2528 ἐστὶ
612 2482 791 2536 ταῦτας
832 2475 947 2540 μήτε
986 2476 1124 2527 πόλει
1160 2480 1362 2545 μηδεμιᾷ
1401 2476 1516 2541 μήτε
1555 2482 1650 2528 τῶν
1687 2485 1706 2512 P
1722 2478 1771 2527 ἐν

250 2561 427 2629 ἑκάστῃ
468 2566 561 2611 τῶν
605 2559 791 2611 πόλεων
837 2562 1266 2625 συνηγωνισμένων
1310 2566 1405 2614 τοῖς
1451 2559 1771 2625 καθεστηκόσι

212 2648 436 2710 7Ἷμηδενὶ
469 2644 584 2708 μήτε
615 2645 944 2709 πικραίνεσθαι
972 2644 1085 2707 μήτε
1121 2649 1442 2708 μνησικακεῖν.
1499 2646 1524 2694 ὁ
1550 2643 1642 2710 γὰρ
1668 2667 1767 2694 τοι-

305 2792 325 2818 g
356 2785 557 2831 αἰσθέσθαι]
591 2784 773 2819 αἵσθεσθαι
800 2797 867 2818 rec.
895 2786 928 2817 S.
1069 2782 1086 2808 h
1118 2783 1320 2830 ἐθελήσητε]
1354 2785 1491 2827 ἐθέλητε
1525 2790 1549 2818 t.
1689 2781 1698 2808 ἰ
1728 2784 1772 2819 ὡς
1808 2800 1816 2804 ·

253 2840 460 2873 Schaefel'us.
492 2839 692 2883 Legebatul·
712 2839 775 2871 καί.
880 2835 896 2861 k
920 2839 955 2871 δὲ
977 2850 1045 2871 0111.
1070 2838 1154 2876 SQ.
1258 2835 1266 2862 Ῑ
1288 2834 1351 2884 ὧν]
1378 2840 1444 2871 τῶν
1467 2838 1501 2872 S.
1605 2843 1635 2861 ΥΠ
1656 2837 1765 2883 κοινῇ]

250 2908 362 2926 κοινον
382 2905 431 2938 pr.
455 2894 489 2925 S.
638 2898 655 2915 ¹¹
685 2891 802 2925 ἁπλῶς
833 2891 993 2924 Baiterus
1021 2898 1055 2925 et
1083 2891 1270 2936 Sauppius.
1320 2891 1520 2936 Legebatur
1540 2889 1618 2934 μηδ’
1637 2890 1766 2924 ἁπλῶς,

252 2952 269 2969 0
289 2946 442 2992 ποιήσει]
466 2945 622 2988 ποιήσειν
645 2945 807 2982 B.S.Q.t.
935 2950 952 2977 Ι)
973 2945 1007 2977 ἐν
1027 2945 1160 2977 addidit
1182 2944 1341 2977 Wolfius.
1469 2950 1482 2972 ¹¹
1500 2944 1616 2987 μηδενὶ
1636 2943 1770 2976 addidit

251 2999 413 3033 wolfius.
