2009 3286
259 189 370 228 14&ae
786 192 1252 246 [ΔΗΜΟΣΘΕΝΟΎΣ]
1607 205 1910 248 μ]4υ,ω-

257 306 490 367 περιεῖναι,
527 308 664 354 τοῦτο
702 305 777 354 καὶ
814 305 1103 367 θαυμαστὸν,
1139 304 1176 355 ὦ
1215 305 1378 371 ἄνδρες
1412 305 1670 369 Ἀθηναῖοι,
1705 307 1782 356 καὶ

260 385 469 451 φοβερὸν
506 390 601 439 τοῖς
641 386 689 436 εὖ
729 390 1003 454 φρονοῦσιν,
1037 391 1130 441 Ξὼς
1169 388 1261 453 ἐγὼ
1301 389 1457 454 κρίνω.
1514 389 1542 452 ἡ
1581 388 1666 452 μὲν
1701 389 1782 440 οὖν
1796 408 1837 430 20

259 468 382 535 ἀρχὴ
407 470 585 524 παντός
612 472 741 521 ἐστιν
767 473 883 536 αὕτη
910 494 988 536 μοι
1014 477 1096 522 τοῦ
1124 470 1287 537 λόγου.

980 565 994 591 t
1015 569 1069 616 Γ.

337 647 470 695 Ἀντὶ
503 651 703 696 πολλῶν
734 645 843 709 ιιὸὶν,
869 644 906 697 ῶ
941 647 1106 713 ἄνδρες
1140 651 1395 712 Ἀθηναῖοι,
1421 646 1690 715 χρημάτων,
1715 650 1786 697 Χεἰ

261 725 466 795 φανερὸν
493 728 674 792 γε’νοιτο
700 727 754 778 τὸ
780 728 962 792 με’λλον
988 731 1229 781 συνοίσειν
1256 733 1394 795 Υὺμῖν
1427 732 1534 797 περὶ
1563 729 1628 780 ῶν
1652 737 1670 756 ²
1688 732 1786 780 νυνὶ

259 810 514 877 τυγχάνετε
549 818 851 874 σκοποῦντες,
885 811 1011 876 οἶμαι
1044 813 1256 868 εἰπάντας
1290 816 1408 877 ὑμᾶς
1444 814 1653 865 ἑλέσθαι.
1709 812 1786 864 ὅτε

1239 896 1257 924 b
1273 897 1494 965 παρέχειν
1537 897 1785 950 ἐθέλοντας
1800 915 1837 946 ²5

260 895 415 945 τοίνυν
459 895 585 944 τοῦθ’
628 896 774 948 οὕτως
819 895 924 962 ἔχει,
962 896 1194 963 προσήκει

261 975 443 1026 ἀκούειν
483 978 601 1039 ὑμᾶς
640 976 806 1030 αὐτοὺς
844 983 938 1029 τῶν
974 979 1281 1043 βουλομένων
1318 978 1678 1043 συμβουλεύειν.
1734 979 1787 1029 οὐ

259 1057 353 1123 γὰρ
385 1056 544 1121 μόνον,
571 1059 643 1109 ⁰⁶³(
672 1082 717 1109 τι
751 1059 989 1126 χρήσιμον
1024 1061 1306 1125 ἐσκεμμένος
1337 1062 1436 1126 ἥκει
1469 1084 1552 1124 τις,
1578 1062 1700 1112 τοῦτ’
1730 1059 1788 1111 ἂν

261 1140 550 1195 ἀκούσαντες
584 1142 797 1203 λάβοιτε·
839 1142 970 1194 ἀλλὰ
1006 1147 1081 1195 καὶ
1115 1147 1197 1208 τῆς
1234 1145 1454 1211 ὑμετέρας
1486 1143 1631 1211 τύχης
1666 1145 1782 1195 ὑπο-

260 1225 496 1288 λαμβάνω
539 1226 705 1277 πολλὰ
743 1232 838 1278 τῶν
877 1226 1077 1279 δεόντων
1114 1230 1164 1278 ἐκ
1201 1234 1285 1279 τοῦ
1323 1231 1616 1295 παραχρῆμα
1653 1227 1787 1281 ἐνίοις

260 1310 474 1359 ἐπελθεῖν
501 1308 558 1360 ἂν
584 1314 739 1373 εἰπεῖν,
766 1309 878 1361 ὥστ’
907 1311 964 1379 ἐξ
986 1311 1209 1362 ἁπάντων
1235 1313 1400 1380 ῥᾳδίαν
1430 1310 1516 1375 τὴν
1545 1316 1628 1362 τοῦ
1663 1333 1786 1374 συμ-
1804 1330 1909 1370 1421

263 1393 489 1459 φέροντος
516 1395 622 1456 ὑμῖν
649 1394 829 1459 αἵρεσιν
854 1395 1120 1460 γίγνεσθαι.

977 1488 1068 1539 ᾱΔ.

337 1567 557 1632 θ’Έσί·ιν,
589 1568 625 1621 ῶ
665 1572 828 1638 ἄνδρες
863 1573 1120 1636 Ἀθηναῖοι,
1157 1573 1347 1633 δίκαιον,
1379 1569 1536 1634 ἐπειδὴ
1571 1571 1642 1639 ἐφ’
1680 1572 1787 1634 ὑμῖν

261 1653 391 1702 ἐστὶν
426 1653 619 1704 ἑλέσθαι
654 1659 748 1704 τῶν
779 1654 1015 1721 ῥηθέντων
1048 1654 1073 1704 ὅ
1105 1677 1150 1704 τι
1182 1653 1240 1705 ἂν
1271 1655 1531 1719 βούλησθε,
1564 1653 1815 1705 ἀπάντων5

262 1737 477 1788 ἀκοῦσαι.
536 1740 610 1788 καὶ
657 1737 750 1804 γὰρ
795 1738 1032 1791 πολλάκις
1083 1738 1335 1801 συμβαίνει
1384 1736 1467 1788 τὸν
1513 1735 1654 1787 αὐτὸν
1699 1737 1785 1788 ἄν·

262 1823 453 1885 θρωπον
484 1827 621 1872 τοῦτο
656 1822 741 1885 μὲν
775 1822 840 1886 μὴ
876 1823 1033 1887 λέγειν
1064 1823 1228 1887 ὀρθῶς,
1256 1822 1412 1888 ἕτερον
1444 1821 1499 1870 δέ
1523 1838 1580 1870 τι·
1621 1822 1670 1871 ἐκ
1703 1819 1789 1885 μὲν

261 1902 344 1952 οὖν
377 1907 460 1952 τοῦ
497 1907 713 1969 θορυβεῖν
748 1902 852 1970 τάχ’
882 1903 939 1955 ἂν
970 1904 1343 1970 δυσχεράναντες
1377 1908 1579 1955 πολλῶν
1609 1904 1782 1970 χρησί-

259 2008 363 2048 μων
401 1987 808 2053 ἀποστερηθείητε,
848 1990 897 2038 ἐκ
937 1987 985 2037 δὲ
1025 1993 1107 2038 τοῦ
1151 1987 1269 2051 μετὰ
1307 1987 1490 2052 κόσμου
1530 1990 1605 2037 καὶ
1645 1991 1786 2053 σιγῆς

1671 2070 1786 2122 ῐκᾶυ
1801 2090 1840 2111 10

259 2070 458 2119 ἀκοῦσαι
505 2071 582 2119 καὶ
629 2070 687 2120 τὰ
731 2076 889 2124 καλῶς
940 2071 1109 2138 ἔχοντα
1155 2070 1343 2123 ἅπαντα
1392 2070 1628 2135 ποιήσετε,

259 2155 374 2219 δοκῇ
411 2175 480 2206 τις
519 2158 693 2219 ληρεῖν,
727 2156 1067 2222 παραλείψετε.
1123 2154 1252 2220 ἕέγὼ
1291 2155 1491 2218 μὲν-οὖν
1523 2156 1618 2205 οὔτ’
1648 2154 1788 2205 ε’ίωθα

259 2242 588 2301 μακρολογεῖν,
617 2238 708 2288 οὔτ’
741 2236 811 2300 ἂν,
845 2242 882 2288 εἶ
921 2237 1004 2289 τὸν
1041 2239 1196 2288 ἄλλον
1231 2238 1406 2289 εἰώθειν
1438 2237 1458 2264 ¹¹
1470 2238 1655 2305 χρόνον,
1683 2236 1788 2289 ἱνῦν

259 2317 535 2385 ἐχρησάμην
567 2319 730 2389 τούτῳ,
763 2323 877 2370 ἀλλ’
909 2319 940 2371 ἃ
971 2322 1230 2389 συμφερειν
1267 2323 1378 2385 ὑμῖν
1411 2323 1594 2387 νομίζω,
1623 2327 1783 2385 ταῦτα,

260 2404 321 2455 ὡς
349 2400 406 2451 ἂν
431 2402 651 2465 δύνωμαι,
679 2402 754 2453 διὰ
779 2403 1095 2471 βραχυτάτων
1121 2407 1210 2471 ε’ρῶ
1235 2404 1353 2471 πρὸς
1381 2406 1512 2469 ὑμᾶς.

314 2534 328 2553 S
350 2530 393 2565 ὡς
414 2531 478 2576 ἐγὼ
501 2530 680 2569 S.Y.Q.O.
713 2530 756 2565 ὡς
775 2531 828 2564 καὶ
848 2531 915 2576 ἐγὼ
934 2532 1052 2576 vulgo.
1151 2530 1165 2556 ’ί
1186 2531 1241 2577 Γ.]
1267 2530 1303 2564 E'
1326 2532 1361 2566 S.
1458 2537 1480 2556 ¹1
1499 2531 1540 2566 ἂν
1559 2532 1718 2566 additum
1739 2545 1782 2567 ex

260 2584 344 2618 S.Y.
462 2589 481 2607 Χ
502 2584 530 2617 εἷ
550 2584 699 2629 φανερὸν
717 2585 850 2629 γένοιτο
871 2597 940 2618 om.
964 2585 1097 2623 S.Y.Q.
1211 2590 1228 2617 y
1251 2584 1326 2628 ὑμῖν
1346 2585 1505 2619 additum
1526 2598 1567 2620 ex
1591 2585 1722 2620 S.Y.O.
1747 2591 1782 2621 et

258 2651 313 2681 γρ.
335 2637 379 2675 Q.
509 2642 527 2661 Ζ
551 2637 622 2670 νυνὶ
645 2637 681 2670 in
700 2651 755 2682 γρ.
776 2638 882 2671 habet
902 2637 947 2676 Q.
970 2650 1041 2672 om.
1063 2650 1094 2671 v.
1234 2644 1253 2662 1¹
1271 2639 1416 2684 πάντας]
1443 2639 1570 2674 πάντας
1589 2637 1629 2672 ἂν
1651 2639 1780 2674 S.Y.O.
1800 2657 1812 2666 ³

258 2686 278 2713 b
298 2690 459 2735 παρέχειν
478 2689 569 2724 Y.O.
605 2690 697 2734 ἔχειν
716 2691 833 2735 vulgo.
931 2696 947 2714 ⁰
967 2690 1065 2736 εἴτι]
1090 2689 1109 2723 ὅ
1128 2704 1161 2723 τι
1180 2703 1211 2725 v.
1314 2688 1333 2715 ‘l
1353 2697 1381 2725 Δ
1402 2703 1471 2726 om.
1494 2692 1529 2726 S.
1628 2697 1643 2715 e
1656 2690 1782 2726 ’Ἔστιν

260 2743 419 2777 Wolfius.
447 2744 524 2776 ἔστι
544 2743 579 2777 δὲ
600 2743 691 2777 libri.
725 2743 828 2777 Conf.
847 2755 917 2777 var.
940 2744 1020 2777 lect.
1039 2744 1083 2777 ad
1103 2743 1242 2777 initium
1261 2744 1517 2778 Prooemiorum
1534 2751 1570 2791 5.
1583 2743 1619 2779 6.
1639 2754 1697 2789 14.
1713 2743 1778 2789 38.

259 2806 321 2842 39.
337 2802 399 2843 52.
415 2805 477 2842 53.
493 2794 555 2842 56.
629 2793 644 2820 f
661 2794 720 2829 κᾶν
739 2796 820 2838 δοκῇ
839 2810 890 2831 τις
908 2796 1040 2841 ληρεῖν]
1066 2794 1126 2830 κᾶν
1146 2796 1274 2841 δοκὴσῃ
1295 2798 1412 2843 ληρεῖν
1430 2812 1485 2843 γρ.
1503 2797 1549 2836 Q.
1580 2797 1781 2842 Legebatur

259 2871 319 2906 κῗιν
339 2874 419 2916 δοκῇ
440 2889 489 2909 τις
509 2875 728 2920 παραληρεῖν.
778 2880 811 2907 ’ἕξ
831 2874 915 2919 ἐγὼ]
941 2874 968 2913 ς’
990 2875 1205 2919 adscriptum
1226 2876 1261 2909 in
1284 2876 1320 2910 S.
1388 2873 1409 2899 h
1428 2874 1571 2920 χρόνον]
1593 2859 1719 2921 χρόῖῖον
1740 2876 1779 2910 F.

258 2928 385 2970 τρόπον
406 2928 450 2965 Q.
492 2929 584 2961 Ante
603 2929 728 2972 χρόνον
748 2928 857 2962 literae
878 2932 948 2962 tres
969 2940 1075 2963 erasa:
1095 2928 1130 2961 iu
1154 2930 1189 2963 S.
1288 2925 1298 2953 i
1319 2930 1377 2963 νῦν
1396 2929 1594 2974 ἐχρησάμην
1616 2928 1780 2968 F.S.Q.v.

261 2980 318 3011 νῦν
337 2978 377 3013 ἂν
398 2981 593 3025 ἐχρησάμην
614 2981 730 3026 vulgo.
