2009 3286
259 208 371 248 1430
786 212 1256 265 [ΔΗΜΟΣΘΕΝΟΎΣ]
1341 212 1423 251 οη.
1452 210 1583 250 LXI.
1605 223 1648 264 p.
1670 211 1793 260 1406,
1808 220 1906 245 18—

259 327 416 376 καλῶς
454 325 690 391 προέστης
726 330 819 376 τῶν
845 325 1080 388 τοιούτων,
1109 324 1233 376 ὥστε
1263 324 1444 379 πάντας
1471 323 1555 388 τὴν
1579 323 1697 390 πρὸς
1723 323 1780 375 σὲ

259 409 426 474 φιλίαν
469 408 772 474 ἠγαπηκότας
819 409 952 476 ἔχειν.
1011 409 1035 460 ὃ
1080 414 1276 473 σημεῖον
1321 413 1416 459 τῶν
1460 407 1660 477 ἐνδόξως
1703 410 1780 459 καὶ

193 508 241 550 23
259 494 609 560 φιλανθρώπως
645 493 732 559 ζῆν
757 494 1137 560 προαιρουμένων
1163 495 1308 545 ἐστίν.
1366 495 1514 544 καίτοι
1552 493 1670 547 τινὲς
1708 493 1779 543 εὐ-
1793 515 1834 537 20

257 578 521 641 δοκίμησαν
561 579 648 641 ἤδη
693 581 787 627 τῶν
832 585 907 626 Χτε
952 576 1451 640 Υσυμβουλευσάντων
1490 578 1552 629 ὡς
1597 577 1649 626 οὐ
1688 574 1779 643 χρὴ

257 660 341 713 τὰς
379 665 473 711 τῶν
508 662 747 728 τυχόντων
780 661 966 724 ὁμιλίας
1005 661 1374 727 προσδέχεσθαι,
1401 662 1475 710 καὶ
1514 664 1608 711 τῶν
1645 683 1783 712 πεισ-

258 744 432 795 θέντων
469 744 665 798 τούτοις·
710 743 739 807 ἢ
775 743 868 810 γὰρ
903 743 1022 811 πρὸς
1061 745 1199 812 χάριν
1236 746 1494 807 ὁμιλοῦντα
1528 749 1624 799 τοῖς
1660 744 1782 813 φαύ-

257 837 359 882 λοις
398 832 654 894 ἀναγκαῖον
700 826 812 879 εἶναι
855 829 1208 889 διαβάλλεσθαι
1251 828 1381 894 παρὰ
1425 833 1522 883 τοῖς
1561 831 1779 885 πολλοῖς,

259 911 286 976 ἢ
338 914 732 976 διευλαβούμενον
784 912 868 967 τὰς
913 913 1130 966 τοιαύτας
1183 913 1456 982 ἐπιπλήξεις
1507 913 1580 963 ὑπ’
1627 912 1780 963 αὐτῶν
1793 933 1832 965 ²5

194 1002 351 1051 24τῶν
390 997 769 1065 ἐντυγχανόντων
810 998 1201 1065 δυσχεραίνεσθαι
1228 998 1560 1061 Ζσυμπίπτειν.
1612 994 1705 1061 ἐγὼ
1732 995 1780 1046 δὲ

259 1081 333 1132 διὰ
359 1088 498 1132 τοῦτο
534 1086 607 1132 καὶ
635 1088 825 1145 μᾶλλον
853 1081 983 1146 οἶμαί
1014 1106 1071 1133 σε
1112 1085 1205 1133 δεῖν
1240 1081 1551 1148 ἐγκωμιάζειν,
1579 1080 1649 1131 ὅτι
1687 1084 1782 1131 τῶν

259 1166 425 1217 ἄλλων
452 1167 500 1216 ἕν
536 1190 580 1216 τι
611 1171 704 1217 τῶν
742 1165 983 1217 ἀδυνάτων
1015 1167 1236 1230 οἰομένων
1263 1164 1375 1217 εἶναι
1414 1165 1468 1216 τὸ
1495 1170 1590 1219 τοῖς
1617 1165 1783 1216 ἄλλων

258 1251 448 1317 τρόποις
487 1252 701 1316 ἀρέσκειν
744 1249 809 1302 συ
854 1257 1091 1302 ἢτοσοῦτο
1135 1252 1314 1302 τούτων
1359 1251 1615 1315 διήνεγκας,
1657 1248 1782 1299 ὥστε
1801 1264 1905 1307 1407

259 1340 352 1385 τῶν
397 1340 621 1401 χαλεπῶν
674 1338 748 1385 καὶ
801 1334 1052 1386 δυσκόλων
1103 1333 1324 1386 ἁπάντων
1375 1336 1781 1400 περιγεγενῆσθαι,

259 1427 341 1471 τοῦ
380 1420 463 1484 μὲν
509 1421 939 1489 συνεξαμαρτάνειν
980 1419 998 1446 ¹³
1019 1423 1144 1471 τισὶν
1191 1422 1286 1470 οὐδ’
1335 1420 1547 1488 ὑποψίαν
1592 1417 1783 1471 0ἐνδοὺς·

260 1511 355 1558 τοῖς
391 1506 573 1567 ἄλλοις,
601 1508 682 1569 τῆς
716 1505 763 1556 δὲ
798 1504 916 1570 πρὸς
947 1504 1112 1558 αὐτοὺς
1139 1505 1411 1571 δυσχερείας
1450 1507 1508 1571 τῇ
1546 1507 1641 1553 τῶν
1666 1502 1779 1568 τρό-

402 1589 418 1616 d

195 1609 245 1649 25
260 1613 363 1640 πων
429 1590 716 1657 εὐαρμοστίᾳ
754 1587 1012 1655 κρατήσας.
1066 1588 1184 1653 πρὸς
1217 1589 1372 1638 τοίνυν
1413 1586 1518 1640 τοὺς
1562 1585 1809 1653 ἐραστὰς,5

261 1678 297 1724 εὶ
333 1673 423 1741 χρὴ
470 1676 543 1724 καὶ
590 1675 694 1740 περὶ
731 1674 909 1724 τούτων
950 1677 1104 1735 εἰπεῖν,
1151 1673 1271 1722 οὕτω
1317 1676 1474 1725 καλῶς
1516 1693 1595 1734 μοι
1635 1674 1781 1723 δοκεῖς

262 1760 336 1808 καὶ
363 1757 628 1826 σωφρόνως
667 1759 861 1821 ὁμιλεῖν,
888 1755 1010 1808 ὥστε
1051 1761 1144 1807 τῶν
1181 1758 1425 1807 πλείστων
1464 1756 1556 1806 οὐδ’
1587 1753 1673 1805 εὃν
1697 1752 1784 1804 ἶᾶν

261 1843 555 1908 προέλωνται
593 1842 790 1907 μετρίως
828 1843 1028 1906 ἐνεγκεῖν
1064 1841 1344 1903 δυναμένων,
1378 1843 1484 1890 ἕσοὶ
1522 1843 1644 1891 πᾶσι
1683 1840 1783 1888 καθ’

264 1926 534 1991 ὑπερβολὴν
573 1926 787 1991 ἀρέσκειν
826 1925 1144 1989 συμβέβηκεν·
1186 1924 1210 1975 ἶ)
1245 1927 1325 1988 τῆς
1359 1927 1450 1988 σῆς
1485 1925 1652 1990 ἀρετῆς
1686 1945 1779 1986 ση-

200 2028 250 2068 26
264 2017 393 2075 μεῖον
419 2010 763 2077 ἐναργέστατόν
789 2013 935 2061 ἐστιν.
978 2009 1042 2060 ὧν
1068 2010 1152 2073 μὲν
1178 2009 1270 2075 γὰρ
1303 2010 1478 2059 δίκαιον
1513 2010 1589 2059 καὶ
1618 2006 1781 2069 καλὸν,
1799 2030 1837 2051 10

266 2096 410 2147 οὐδεὶς
436 2096 626 2160 ἄμοιρος
653 2096 807 2144 αὐτῶν
839 2093 969 2160 παρὰ
1004 2100 1095 2144 σοῦ
1134 2094 1437 2157 καθέστηκεν·
1482 2090 1512 2143 ἃ
1545 2092 1583 2141 δ’
1612 2094 1675 2145 εὶς
1706 2095 1779 2142 αἰ-

264 2178 447 2244 σχύνην
473 2178 584 2241 ἥκει,
612 2177 791 2228 τούτων
817 2180 909 2228 οὐδ’
939 2183 1000 2231 εἰς
1040 2177 1209 2228 ἐλπίδα
1240 2178 1385 2230 οὐδεὶς
1420 2176 1620 2244 ἔρχεται·
1661 2197 1782 2225 τοσ-

264 2262 409 2324 αύτην
436 2267 530 2314 τοῖς
561 2262 645 2325 μὲν
680 2267 774 2312 τῶν
804 2263 1074 2322 βελτίστων
1099 2261 1391 2327 ὀρεγομένοις
1429 2259 1664 2329 ἐξουσίαν,
1691 2264 1788 2312 τοῖς

265 2347 302 2395 δ’
340 2346 759 2410 ἀποθρασύνεσθαι
804 2346 1110 2409 βουλομένοις
1145 2346 1377 2407 ἀτολμίαν
1414 2346 1441 2407 ἡ
1477 2343 1542 2407 σὴ
1580 2348 1777 2412 σωφρο-
1802 2362 1834 2394 ¹5

200 2450 249 2490 27
266 2427 388 2491 σύνη
414 2429 777 2493 παρεσκεύακεν.
827 2428 891 2478 ε”τι
918 2429 1072 2478 τοίνυν
1097 2433 1191 2478 τῶν
1217 2429 1460 2478 πλείστων
1486 2429 1536 2477 ἐκ
1561 2430 1643 2491 τῆς
1669 2449 1807 2477 σιω-κ

266 2515 371 2574 πῆς,
399 2511 511 2561 ὅταν
538 2509 628 2560 ὦσι
655 2512 758 2572 νέοι,
785 2511 870 2574 τὴν
896 2514 978 2573 τῆς
998 2511 1319 2579 σωφροσύνης
1340 2511 1485 2580 δόξαν
1506 2511 1786 2577 θηρωμένων

266 2595 330 2646 σὺ
358 2596 613 2645 Ι’τοσοῦτον
644 2600 701 2662 τῇ
729 2594 871 2662 φύσει
899 2594 1180 2662 διενήνοχας,
1207 2593 1330 2646 ὥστε
1357 2596 1414 2664 ἐξ
1435 2594 1499 2646 ὧν
1518 2595 1671 2660 λέγεις
1709 2596 1785 2645 καὶ

323 2791 338 2806 x
370 2799 407 2817 τε
441 2797 509 2818 om.
543 2785 577 2819 S.
605 2790 639 2819 et
668 2797 720 2829 pr.
750 2785 789 2818 Y.
931 2790 944 2813 Ὺ
974 2784 1327 2830 συμβουλευσάντων]
1361 2785 1669 2828 συμβουλευόντων
1696 2783 1783 2822 RQ.

269 2843 285 2861 Ζ
307 2838 515 2882 συμπίπτειν
534 2838 695 2872 VVolflus.
726 2838 914 2881 συμπίπτει
935 2838 1023 2871 libri.
1108 2845 1127 2863 ἃ
1145 2838 1311 2884 τοσοῦτο]
1336 2837 1493 2871 τοσούτω
1513 2836 1605 2871 Y.O.
1699 2833 1719 2861 b
1734 2850 1783 2870 τι-

268 2916 341 2960 σὶν]
364 2932 395 2950 τι
411 2931 502 2951 τισιν
524 2919 566 2952 O.
698 2923 713 2942 C
734 2917 865 2962 ἐνδοὺς]
892 2917 1041 2951 ἐνδιδοὺς
1064 2916 1197 2955 F.Q.O.
1323 2913 1341 2940 (Ῑ
1362 2915 1588 2961 εὐαρμοστίᾳ]
1613 2899 1784 2959 (ετῑυναρμο-

268 2969 346 3012 στίᾳ
368 2983 398 3005 v.
432 2971 668 3016 συναρμοστίᾳ
691 2970 822 3008 S.Q.V.
972 2975 987 2993 ὓ
1008 2969 1062 3015 ὃν]
1088 2966 1132 3002 ὧν
1154 2970 1240 3008 RQ.
1388 2967 1402 2993 f
1419 2969 1459 3003 ἂν
1479 2981 1547 3003 om.
1571 2969 1644 3004 Set
1663 2980 1716 3014 pr.
1739 2968 1784 3007 Q.

269 3027 287 3053 g
309 3023 382 3067 σοὶ]
407 3037 470 3057 σου
493 3025 529 3060 S.
643 3022 662 3048 h
683 3023 868 3069 τοσοῦτον]
893 3024 1042 3056 τοσοῦτο
1064 3035 1093 3056 v.
