<?xml version="1.0" encoding="UTF-8"?>
<!DOCTYPE html PUBLIC "-//W3C//DTD XHTML 1.0 Transitional//EN"
    "http://www.w3.org/TR/xhtml1/DTD/xhtml1-transitional.dtd">
<html xmlns="http://www.w3.org/1999/xhtml" xml:lang="en" lang="en">
 <head>
  <title>
</title>
<meta http-equiv="Content-Type" content="text/html;charset=utf-8" />
  <meta name='ocr-system' content='tesseract 3.04.00' />
  <meta name='ocr-capabilities' content='ocr_page ocr_carea ocr_par ocr_line ocrx_word'/>
</head>
<body>
  <div class='ocr_page' id='page_1' title='image "./lta-2000/operaexrecension00demouoft/operaexrecension00demouoft_0204.png"; bbox 0 0 2009 3286; ppageno 0'>
   <div class='ocr_carea' id='block_1_1' title="bbox 283 214 1930 271">
    <p class='ocr_par' dir='ltr' id='par_1_1' title="bbox 283 214 1930 271">
     <span class='ocr_line' id='line_1_1' title="bbox 283 214 1930 271; baseline 0.002 -19"><span class='ocrx_word' id='word_1_1' title='bbox 283 214 395 253; x_wconf 67' lang='lat'>1335}</span> <span class='ocrx_word' id='word_1_2' title='bbox 837 220 1266 258; x_wconf 79' lang='grc' dir='ltr'>ΔΗΜΟΣΘΕΝΟΎΣ</span> <span class='ocrx_word' id='word_1_3' title='bbox 1385 217 1467 257; x_wconf 69' lang='lat' dir='ltr'>Oa.</span> <span class='ocrx_word' id='word_1_4' title='bbox 1487 215 1636 258; x_wconf 78' lang='lat' dir='ltr'>LVII,</span> <span class='ocrx_word' id='word_1_5' title='bbox 1659 230 1699 271; x_wconf 92' lang='lat' dir='ltr'>p.</span> <span class='ocrx_word' id='word_1_6' title='bbox 1719 227 1930 270; x_wconf 81' lang='lat'>1309‚6-</span> 
     </span>
    </p>
   </div>
   <div class='ocr_carea' id='block_1_2' title="bbox 212 327 1935 2669">
    <p class='ocr_par' dir='ltr' id='par_1_2' title="bbox 282 327 1800 396">
     <span class='ocr_line' id='line_1_2' title="bbox 282 327 1800 396; baseline 0.001 -19"><span class='ocrx_word' id='word_1_7' title='bbox 282 327 427 378; x_wconf 76' lang='grc' dir='ltr'>ἐτέλει</span> <span class='ocrx_word' id='word_1_8' title='bbox 474 332 548 380; x_wconf 80' lang='grc' dir='ltr'>καὶ</span> <span class='ocrx_word' id='word_1_9' title='bbox 592 330 783 395; x_wconf 84' lang='grc' dir='ltr'>ποδαπὴ</span> <span class='ocrx_word' id='word_1_10' title='bbox 821 331 891 396; x_wconf 81' lang='grc' dir='ltr'>ἧν,</span> <span class='ocrx_word' id='word_1_11' title='bbox 932 331 1289 384; x_wconf 77' lang='grc' dir='ltr'>ἐπιδεικνύντας·</span> <span class='ocrx_word' id='word_1_12' title='bbox 1338 335 1375 381; x_wconf 81' lang='grc' dir='ltr'>εἰ</span> <span class='ocrx_word' id='word_1_13' title='bbox 1415 330 1462 381; x_wconf 78' lang='grc' dir='ltr'>δὲ</span> <span class='ocrx_word' id='word_1_14' title='bbox 1502 330 1663 394; x_wconf 84' lang='grc' dir='ltr'>δούλη,</span> <span class='ocrx_word' id='word_1_15' title='bbox 1706 329 1800 393; x_wconf 84' lang='grc' dir='ltr'>μά-</span> 
     </span>
    </p>

    <p class='ocr_par' dir='ltr' id='par_1_3' title="bbox 282 413 1806 482">
     <span class='ocr_line' id='line_1_3' title="bbox 282 413 1806 482; baseline 0.001 -19"><span class='ocrx_word' id='word_1_16' title='bbox 282 418 431 464; x_wconf 90' lang='grc' dir='ltr'>λιστα</span> <span class='ocrx_word' id='word_1_17' title='bbox 464 414 548 478; x_wconf 75' lang='grc' dir='ltr'>μὲν</span> <span class='ocrx_word' id='word_1_18' title='bbox 582 413 663 466; x_wconf 76' lang='grc' dir='ltr'>τὸν</span> <span class='ocrx_word' id='word_1_19' title='bbox 701 414 970 482; x_wconf 78' lang='grc' dir='ltr'>πριάμενον,</span> <span class='ocrx_word' id='word_1_20' title='bbox 998 420 1035 466; x_wconf 78' lang='grc' dir='ltr'>εἰ</span> <span class='ocrx_word' id='word_1_21' title='bbox 1068 415 1117 466; x_wconf 76' lang='grc' dir='ltr'>δὲ</span> <span class='ocrx_word' id='word_1_22' title='bbox 1149 414 1229 479; x_wconf 86' lang='grc' dir='ltr'>μὴ,</span> <span class='ocrx_word' id='word_1_23' title='bbox 1256 415 1338 466; x_wconf 82' lang='grc' dir='ltr'>τὸν</span> <span class='ocrx_word' id='word_1_24' title='bbox 1364 414 1654 478; x_wconf 80' lang='grc' dir='ltr'>ἀποδόμενον</span> <span class='ocrx_word' id='word_1_25' title='bbox 1680 414 1806 478; x_wconf 82' lang='grc' dir='ltr'>ἥκειν</span> 
     </span>
    </p>

    <p class='ocr_par' dir='ltr' id='par_1_4' title="bbox 282 498 1800 564">
     <span class='ocr_line' id='line_1_4' title="bbox 282 498 1800 564; baseline 0.001 -17"><span class='ocrx_word' id='word_1_26' title='bbox 282 505 743 564; x_wconf 79' lang='grc' dir='ltr'>καταμαρτυροῦντα,</span> <span class='ocrx_word' id='word_1_27' title='bbox 779 505 816 551; x_wconf 80' lang='grc' dir='ltr'>εἰ</span> <span class='ocrx_word' id='word_1_28' title='bbox 853 500 901 551; x_wconf 77' lang='grc' dir='ltr'>δὲ</span> <span class='ocrx_word' id='word_1_29' title='bbox 939 499 1018 564; x_wconf 89' lang='grc' dir='ltr'>μὴ,</span> <span class='ocrx_word' id='word_1_30' title='bbox 1051 504 1145 550; x_wconf 81' lang='grc' dir='ltr'>τῶν</span> <span class='ocrx_word' id='word_1_31' title='bbox 1178 499 1344 550; x_wconf 72' lang='grc' dir='ltr'>ἄλλων</span> <span class='ocrx_word' id='word_1_32' title='bbox 1375 499 1493 559; x_wconf 77' lang='grc' dir='ltr'>τινὰ,</span> <span class='ocrx_word' id='word_1_33' title='bbox 1520 498 1547 564; x_wconf 77' lang='grc' dir='ltr'>ἢ</span> <span class='ocrx_word' id='word_1_34' title='bbox 1581 501 1641 552; x_wconf 84' lang='grc' dir='ltr'>ὡς</span> <span class='ocrx_word' id='word_1_35' title='bbox 1667 498 1800 550; x_wconf 85' lang='grc' dir='ltr'>ἐδού-</span> 
     </span>
    </p>

    <p class='ocr_par' dir='ltr' id='par_1_5' title="bbox 281 581 1858 651">
     <span class='ocr_line' id='line_1_5' title="bbox 281 581 1858 651; baseline 0.002 -20"><span class='ocrx_word' id='word_1_36' title='bbox 281 588 453 633; x_wconf 91' lang='grc' dir='ltr'>λευσεν</span> <span class='ocrx_word' id='word_1_37' title='bbox 479 582 507 647; x_wconf 84' lang='grc' dir='ltr'>ὴ</span> <span class='ocrx_word' id='word_1_38' title='bbox 536 586 597 636; x_wconf 84' lang='grc' dir='ltr'>ὡς</span> <span class='ocrx_word' id='word_1_39' title='bbox 623 585 822 651; x_wconf 56' lang='grc' dir='ltr'>θάφείθη</span> <span class='ocrx_word' id='word_1_40' title='bbox 849 585 1085 650; x_wconf 84' lang='grc' dir='ltr'>ἐλευθέρα.</span> <span class='ocrx_word' id='word_1_41' title='bbox 1141 589 1221 634; x_wconf 88' lang='grc' dir='ltr'>νῦν</span> <span class='ocrx_word' id='word_1_42' title='bbox 1253 583 1301 634; x_wconf 79' lang='grc' dir='ltr'>δὲ</span> <span class='ocrx_word' id='word_1_43' title='bbox 1334 584 1512 634; x_wconf 85' lang='grc' dir='ltr'>τούτων</span> <span class='ocrx_word' id='word_1_44' title='bbox 1538 581 1649 646; x_wconf 57' lang='grc' dir='ltr'>ᾱμέν</span> <span class='ocrx_word' id='word_1_45' title='bbox 1683 583 1798 634; x_wconf 80' lang='grc' dir='ltr'>ἀπέ-</span> <span class='ocrx_word' id='word_1_46' title='bbox 1821 605 1858 625; x_wconf 85' lang='lat'>10</span> 
     </span>
    </p>

    <p class='ocr_par' dir='ltr' id='par_1_6' title="bbox 282 667 1806 819">
     <span class='ocr_line' id='line_1_6' title="bbox 283 667 1805 735; baseline 0.001 -19"><span class='ocrx_word' id='word_1_47' title='bbox 283 667 432 735; x_wconf 76' lang='grc' dir='ltr'>δειξεν</span> <span class='ocrx_word' id='word_1_48' title='bbox 464 667 641 729; x_wconf 61' lang='grc' dir='ltr'>θούδέν,</span> <span class='ocrx_word' id='word_1_49' title='bbox 678 667 977 733; x_wconf 81' lang='grc' dir='ltr'>λελοιδόρηκε</span> <span class='ocrx_word' id='word_1_50' title='bbox 1012 669 1067 731; x_wconf 88' lang='grc' dir='ltr'>δ’,</span> <span class='ocrx_word' id='word_1_51' title='bbox 1101 670 1162 721; x_wconf 84' lang='grc' dir='ltr'>ὡς</span> <span class='ocrx_word' id='word_1_52' title='bbox 1200 669 1299 730; x_wconf 79' lang='grc' dir='ltr'>ἐμοὶ</span> <span class='ocrx_word' id='word_1_53' title='bbox 1339 671 1473 729; x_wconf 83' lang='grc' dir='ltr'>δοκεῖ,</span> <span class='ocrx_word' id='word_1_54' title='bbox 1509 667 1639 718; x_wconf 76' lang='grc' dir='ltr'>οὐδὲν</span> <span class='ocrx_word' id='word_1_55' title='bbox 1669 667 1722 718; x_wconf 59' lang='lat' dir='ltr'>fg</span> <span class='ocrx_word' id='word_1_56' title='bbox 1760 691 1805 718; x_wconf 88' lang='grc' dir='ltr'>τι</span> 
     </span>
     <span class='ocr_line' id='line_1_7' title="bbox 282 749 1806 819; baseline 0.001 -20"><span class='ocrx_word' id='word_1_57' title='bbox 282 750 351 800; x_wconf 74' lang='grc' dir='ltr'>οὔ.</span> <span class='ocrx_word' id='word_1_58' title='bbox 419 756 557 800; x_wconf 89' lang='grc' dir='ltr'>τοῦτο</span> <span class='ocrx_word' id='word_1_59' title='bbox 595 750 687 817; x_wconf 77' lang='grc' dir='ltr'>γάρ</span> <span class='ocrx_word' id='word_1_60' title='bbox 726 753 857 801; x_wconf 84' lang='grc' dir='ltr'>ἐστιν</span> <span class='ocrx_word' id='word_1_61' title='bbox 901 752 926 801; x_wconf 85' lang='grc' dir='ltr'><strong>ὁ</strong></span> <span class='ocrx_word' id='word_1_62' title='bbox 972 749 1292 819; x_wconf 77' lang='grc' dir='ltr'>συκοφάντης,</span> <span class='ocrx_word' id='word_1_63' title='bbox 1332 750 1677 801; x_wconf 64' lang='grc' dir='ltr'>ἕαῖτιοῖσασθαι</span> <span class='ocrx_word' id='word_1_64' title='bbox 1721 750 1806 814; x_wconf 78' lang='grc' dir='ltr'>μὲν</span> 
     </span>
    </p>

    <p class='ocr_par' dir='ltr' id='par_1_7' title="bbox 212 832 1861 1405">
     <span class='ocr_line' id='line_1_8' title="bbox 212 832 1804 903; baseline 0.004 -21"><span class='ocrx_word' id='word_1_65' title='bbox 212 854 263 894; x_wconf 84' lang='lat'>41</span> <span class='ocrx_word' id='word_1_66' title='bbox 282 832 301 859; x_wconf 81' lang='lat'>¹¹</span> <span class='ocrx_word' id='word_1_67' title='bbox 317 832 487 895; x_wconf 78' lang='grc' dir='ltr'>πάντα,</span> <span class='ocrx_word' id='word_1_68' title='bbox 527 834 773 903; x_wconf 73' lang='grc' dir='ltr'>ἐξελέγξαι</span> <span class='ocrx_word' id='word_1_69' title='bbox 812 833 860 885; x_wconf 79' lang='grc' dir='ltr'>δὲ</span> <span class='ocrx_word' id='word_1_70' title='bbox 898 835 1058 898; x_wconf 84' lang='grc' dir='ltr'>μηδέν.</span> <span class='ocrx_word' id='word_1_71' title='bbox 1120 833 1304 886; x_wconf 73' lang='grc' dir='ltr'>ἰἔπειτα</span> <span class='ocrx_word' id='word_1_72' title='bbox 1349 837 1529 886; x_wconf 82' lang='grc' dir='ltr'>κάκεῖνο</span> <span class='ocrx_word' id='word_1_73' title='bbox 1573 836 1678 900; x_wconf 74' lang='grc' dir='ltr'>περὶ</span> <span class='ocrx_word' id='word_1_74' title='bbox 1722 838 1804 899; x_wconf 77' lang='grc' dir='ltr'>τῆς</span> 
     </span>
     <span class='ocr_line' id='line_1_9' title="bbox 281 918 1806 1000; baseline 0.003 -32"><span class='ocrx_word' id='word_1_75' title='bbox 281 918 457 985; x_wconf 81' lang='grc' dir='ltr'>μητρὸς</span> <span class='ocrx_word' id='word_1_76' title='bbox 503 919 694 985; x_wconf 78' lang='grc' dir='ltr'>εἴρηκεν,</span> <span class='ocrx_word' id='word_1_77' title='bbox 740 919 811 971; x_wconf 81' lang='grc' dir='ltr'>ὅτι</span> <span class='ocrx_word' id='word_1_78' title='bbox 855 920 1131 972; x_wconf 83' lang='grc' dir='ltr'>ἐτίτθευσεν.</span> <span class='ocrx_word' id='word_1_79' title='bbox 1192 920 1322 984; x_wconf 80' lang='grc' dir='ltr'>ἡμεῖς</span> <span class='ocrx_word' id='word_1_80' title='bbox 1365 918 1427 982; x_wconf 79' lang='grc' dir='ltr'>δὲ,</span> <span class='ocrx_word' id='word_1_81' title='bbox 1472 919 1548 970; x_wconf 77' lang='grc' dir='ltr'>ὅτε</span> <span class='ocrx_word' id='word_1_82' title='bbox 1593 918 1806 1000; x_wconf 39' lang='grc' dir='ltr'>ἡοπόλις·</span> 
     </span>
     <span class='ocr_line' id='line_1_10' title="bbox 281 1002 1856 1069; baseline 0.001 -18"><span class='ocrx_word' id='word_1_83' title='bbox 281 1002 439 1068; x_wconf 80' lang='grc' dir='ltr'>ἠτύχει</span> <span class='ocrx_word' id='word_1_84' title='bbox 474 1004 548 1052; x_wconf 79' lang='grc' dir='ltr'>καὶ</span> <span class='ocrx_word' id='word_1_85' title='bbox 581 1002 753 1056; x_wconf 77' lang='grc' dir='ltr'>πάντες</span> <span class='ocrx_word' id='word_1_86' title='bbox 786 1007 937 1056; x_wconf 81' lang='grc' dir='ltr'>κακῶς</span> <span class='ocrx_word' id='word_1_87' title='bbox 972 1003 1216 1069; x_wconf 74' lang='grc' dir='ltr'>ἔπραττον,</span> <span class='ocrx_word' id='word_1_88' title='bbox 1250 1004 1332 1054; x_wconf 82' lang='grc' dir='ltr'>οὐκ</span> <span class='ocrx_word' id='word_1_89' title='bbox 1364 1002 1629 1069; x_wconf 85' lang='grc' dir='ltr'>ἀρνούμεθα</span> <span class='ocrx_word' id='word_1_90' title='bbox 1665 1008 1803 1053; x_wconf 87' lang='grc' dir='ltr'>τοῦτο</span> <span class='ocrx_word' id='word_1_91' title='bbox 1821 1023 1856 1053; x_wconf 86' lang='lat'>15</span> 
     </span>
     <span class='ocr_line' id='line_1_11' title="bbox 282 1085 1798 1153; baseline 0 -16"><span class='ocrx_word' id='word_1_92' title='bbox 282 1087 519 1151; x_wconf 83' lang='grc' dir='ltr'>γενέσθαι·</span> <span class='ocrx_word' id='word_1_93' title='bbox 563 1085 615 1138; x_wconf 73' lang='grc' dir='ltr'>ὃν</span> <span class='ocrx_word' id='word_1_94' title='bbox 642 1087 690 1138; x_wconf 83' lang='grc' dir='ltr'>δὲ</span> <span class='ocrx_word' id='word_1_95' title='bbox 715 1085 892 1153; x_wconf 83' lang='grc' dir='ltr'>τρόπον</span> <span class='ocrx_word' id='word_1_96' title='bbox 918 1089 994 1138; x_wconf 82' lang='grc' dir='ltr'>καὶ</span> <span class='ocrx_word' id='word_1_97' title='bbox 1026 1085 1091 1138; x_wconf 75' lang='grc' dir='ltr'>ὧν</span> <span class='ocrx_word' id='word_1_98' title='bbox 1122 1087 1254 1138; x_wconf 79' lang='grc' dir='ltr'>ἕνεκα</span> <span class='ocrx_word' id='word_1_99' title='bbox 1284 1088 1560 1149; x_wconf 82' lang='grc' dir='ltr'>ἐτίτθευσεν,</span> <span class='ocrx_word' id='word_1_100' title='bbox 1587 1086 1679 1152; x_wconf 82' lang='grc' dir='ltr'>ἐγὼ</span> <span class='ocrx_word' id='word_1_101' title='bbox 1706 1109 1798 1137; x_wconf 89' lang='grc' dir='ltr'>σα-</span> 
     </span>
     <span class='ocr_line' id='line_1_12' title="bbox 283 1170 1804 1241; baseline -0.001 -20"><span class='ocrx_word' id='word_1_102' title='bbox 283 1175 386 1239; x_wconf 83' lang='grc' dir='ltr'>φῶς</span> <span class='ocrx_word' id='word_1_103' title='bbox 426 1173 532 1234; x_wconf 80' lang='grc' dir='ltr'>ὑμῖν</span> <span class='ocrx_word' id='word_1_104' title='bbox 570 1172 799 1241; x_wconf 73' lang='grc' dir='ltr'>ἐπιδείξω.</span> <span class='ocrx_word' id='word_1_105' title='bbox 853 1175 1012 1236; x_wconf 76' lang='grc' dir='ltr'>μηδεὶς</span> <span class='ocrx_word' id='word_1_106' title='bbox 1044 1172 1082 1222; x_wconf 83' lang='grc' dir='ltr'>δ’</span> <span class='ocrx_word' id='word_1_107' title='bbox 1113 1173 1255 1235; x_wconf 83' lang='grc' dir='ltr'>ὑμῶν,</span> <span class='ocrx_word' id='word_1_108' title='bbox 1282 1170 1318 1222; x_wconf 72' lang='grc' dir='ltr'><em>ὦ</em></span> <span class='ocrx_word' id='word_1_109' title='bbox 1352 1172 1515 1238; x_wconf 79' lang='grc' dir='ltr'>ἄνδρες</span> <span class='ocrx_word' id='word_1_110' title='bbox 1548 1172 1804 1235; x_wconf 79' lang='grc' dir='ltr'>Ἀθηναῖοι,</span> 
     </span>
     <span class='ocr_line' id='line_1_13' title="bbox 283 1254 1801 1324; baseline 0 -19"><span class='ocrx_word' id='word_1_111' title='bbox 283 1258 524 1322; x_wconf 78' lang='grc' dir='ltr'>δυσχερῶς</span> <span class='ocrx_word' id='word_1_112' title='bbox 561 1255 797 1324; x_wconf 77' lang='grc' dir='ltr'>ὑπολάβῃ·</span> <span class='ocrx_word' id='word_1_113' title='bbox 839 1261 915 1307; x_wconf 83' lang='grc' dir='ltr'>καὶ</span> <span class='ocrx_word' id='word_1_114' title='bbox 949 1255 1042 1323; x_wconf 78' lang='grc' dir='ltr'>γὰρ</span> <span class='ocrx_word' id='word_1_115' title='bbox 1079 1262 1159 1307; x_wconf 89' lang='grc' dir='ltr'>νῦν</span> <span class='ocrx_word' id='word_1_116' title='bbox 1198 1254 1351 1310; x_wconf 76' lang='grc' dir='ltr'>ἀστὰς</span> <span class='ocrx_word' id='word_1_117' title='bbox 1382 1261 1606 1321; x_wconf 80' lang='grc' dir='ltr'>γυναῖκας</span> <span class='ocrx_word' id='word_1_118' title='bbox 1641 1255 1801 1306; x_wconf 54' lang='grc' dir='ltr'>1(πολ-</span> 
     </span>
     <span class='ocr_line' id='line_1_14' title="bbox 283 1337 1861 1405; baseline 0.001 -17"><span class='ocrx_word' id='word_1_119' title='bbox 283 1337 373 1392; x_wconf 79' lang='grc' dir='ltr'>λὰς</span> <span class='ocrx_word' id='word_1_120' title='bbox 412 1338 630 1405; x_wconf 84' lang='grc' dir='ltr'>εὑρήσετε</span> <span class='ocrx_word' id='word_1_121' title='bbox 673 1341 991 1404; x_wconf 86' lang='grc' dir='ltr'>τιτθευούσας,</span> <span class='ocrx_word' id='word_1_122' title='bbox 1031 1338 1084 1394; x_wconf 79' lang='grc' dir='ltr'>ἃς</span> <span class='ocrx_word' id='word_1_123' title='bbox 1125 1342 1231 1404; x_wconf 82' lang='grc' dir='ltr'>ὑμῖν</span> <span class='ocrx_word' id='word_1_124' title='bbox 1269 1342 1344 1391; x_wconf 73' lang='grc' dir='ltr'>καὶ</span> <span class='ocrx_word' id='word_1_125' title='bbox 1384 1341 1484 1391; x_wconf 84' lang='grc' dir='ltr'>κατ’</span> <span class='ocrx_word' id='word_1_126' title='bbox 1526 1339 1688 1403; x_wconf 78' lang='grc' dir='ltr'>ὄνομα,</span> <span class='ocrx_word' id='word_1_127' title='bbox 1727 1338 1807 1390; x_wconf 79' lang='grc' dir='ltr'>ἐὰν</span> <span class='ocrx_word' id='word_1_128' title='bbox 1821 1360 1861 1381; x_wconf 87' lang='lat'>20</span> 
     </span>
    </p>

    <p class='ocr_par' dir='ltr' id='par_1_8' title="bbox 214 1423 1856 1830">
     <span class='ocr_line' id='line_1_15' title="bbox 214 1423 1807 1492; baseline 0.003 -18"><span class='ocrx_word' id='word_1_129' title='bbox 214 1442 270 1482; x_wconf 82' lang='lat'>42</span> <span class='ocrx_word' id='word_1_130' title='bbox 283 1423 543 1488; x_wconf 83' lang='grc' dir='ltr'>βούλησθε,</span> <span class='ocrx_word' id='word_1_131' title='bbox 571 1427 779 1491; x_wconf 84' lang='grc' dir='ltr'>ἐροῦμεν.</span> <span class='ocrx_word' id='word_1_132' title='bbox 834 1431 871 1477; x_wconf 79' lang='grc' dir='ltr'>εὶ</span> <span class='ocrx_word' id='word_1_133' title='bbox 909 1426 963 1476; x_wconf 86' lang='grc' dir='ltr'>δέ</span> <span class='ocrx_word' id='word_1_134' title='bbox 992 1426 1069 1492; x_wconf 79' lang='grc' dir='ltr'>1γε</span> <span class='ocrx_word' id='word_1_135' title='bbox 1106 1425 1332 1477; x_wconf 87' lang='grc' dir='ltr'>πλούσιοι</span> <span class='ocrx_word' id='word_1_136' title='bbox 1362 1425 1492 1491; x_wconf 80' lang='grc' dir='ltr'>ἦμεν,</span> <span class='ocrx_word' id='word_1_137' title='bbox 1519 1426 1613 1477; x_wconf 77' lang='grc' dir='ltr'>οὔτ’</span> <span class='ocrx_word' id='word_1_138' title='bbox 1643 1425 1699 1476; x_wconf 78' lang='grc' dir='ltr'>ἂν</span> <span class='ocrx_word' id='word_1_139' title='bbox 1725 1425 1807 1478; x_wconf 74' lang='grc' dir='ltr'>τὰς</span> 
     </span>
     <span class='ocr_line' id='line_1_16' title="bbox 285 1509 1814 1577; baseline 0.001 -18"><span class='ocrx_word' id='word_1_140' title='bbox 285 1509 462 1561; x_wconf 85' lang='grc' dir='ltr'>ταινίας</span> <span class='ocrx_word' id='word_1_141' title='bbox 500 1510 772 1572; x_wconf 80' lang='grc' dir='ltr'>ἐπωλοῦμεν</span> <span class='ocrx_word' id='word_1_142' title='bbox 811 1511 904 1561; x_wconf 76' lang='grc' dir='ltr'>οὔτ’</span> <span class='ocrx_word' id='word_1_143' title='bbox 940 1510 997 1561; x_wconf 82' lang='grc' dir='ltr'>ἂν</span> <span class='ocrx_word' id='word_1_144' title='bbox 1035 1510 1159 1565; x_wconf 78' lang='grc' dir='ltr'>ὅλως</span> <span class='ocrx_word' id='word_1_145' title='bbox 1198 1509 1315 1575; x_wconf 78' lang='grc' dir='ltr'>ἦμεν</span> <span class='ocrx_word' id='word_1_146' title='bbox 1353 1511 1537 1577; x_wconf 80' lang='grc' dir='ltr'>ἄποροι.</span> <span class='ocrx_word' id='word_1_147' title='bbox 1595 1509 1726 1560; x_wconf 82' lang='grc' dir='ltr'>ἀλλά</span> <span class='ocrx_word' id='word_1_148' title='bbox 1764 1510 1814 1560; x_wconf 87' lang='grc' dir='ltr'>τί</span> 
     </span>
     <span class='ocr_line' id='line_1_17' title="bbox 285 1593 1805 1664; baseline 0 -21"><span class='ocrx_word' id='word_1_149' title='bbox 285 1598 434 1643; x_wconf 88' lang='grc' dir='ltr'>ταῦτα</span> <span class='ocrx_word' id='word_1_150' title='bbox 471 1599 682 1644; x_wconf 82' lang='grc' dir='ltr'>κοινωνεῖ</span> <span class='ocrx_word' id='word_1_151' title='bbox 716 1599 782 1664; x_wconf 71' lang='grc' dir='ltr'>τῷ</span> <span class='ocrx_word' id='word_1_152' title='bbox 820 1595 975 1659; x_wconf 71' lang='grc' dir='ltr'>γένει,</span> <span class='ocrx_word' id='word_1_153' title='bbox 1024 1594 1116 1661; x_wconf 82' lang='grc' dir='ltr'>ἐγὼ</span> <span class='ocrx_word' id='word_1_154' title='bbox 1154 1594 1238 1658; x_wconf 77' lang='grc' dir='ltr'>μὲν</span> <span class='ocrx_word' id='word_1_155' title='bbox 1278 1593 1409 1645; x_wconf 72' lang='grc' dir='ltr'>οὐδὲν</span> <span class='ocrx_word' id='word_1_156' title='bbox 1447 1593 1590 1657; x_wconf 75' lang='grc' dir='ltr'>οἶμαι.</span> <span class='ocrx_word' id='word_1_157' title='bbox 1650 1596 1805 1658; x_wconf 86' lang='grc' dir='ltr'>μηδα-</span> 
     </span>
     <span class='ocr_line' id='line_1_18' title="bbox 286 1675 1856 1745; baseline 0.001 -19"><span class='ocrx_word' id='word_1_158' title='bbox 286 1681 398 1740; x_wconf 77' lang='grc' dir='ltr'>μῶς,</span> <span class='ocrx_word' id='word_1_159' title='bbox 439 1675 476 1727; x_wconf 75' lang='grc' dir='ltr'><em>ὦ</em></span> <span class='ocrx_word' id='word_1_160' title='bbox 519 1677 680 1744; x_wconf 77' lang='grc' dir='ltr'>ἄνδρες</span> <span class='ocrx_word' id='word_1_161' title='bbox 727 1681 958 1742; x_wconf 69' lang='grc' dir='ltr'>δικασταὶ,</span> <span class='ocrx_word' id='word_1_162' title='bbox 1000 1678 1107 1734; x_wconf 72' lang='grc' dir='ltr'>τοὺς</span> <span class='ocrx_word' id='word_1_163' title='bbox 1151 1680 1353 1744; x_wconf 87' lang='grc' dir='ltr'>πένητας</span> <span class='ocrx_word' id='word_1_164' title='bbox 1397 1679 1636 1745; x_wconf 73' lang='grc' dir='ltr'>ἀτιμάζετε</span> <span class='ocrx_word' id='word_1_165' title='bbox 1678 1680 1856 1743; x_wconf 62' lang='lat' dir='ltr'>(ixa-25</span> 
     </span>
     <span class='ocr_line' id='line_1_19' title="bbox 288 1758 1802 1830; baseline 0 -20"><span class='ocrx_word' id='word_1_166' title='bbox 288 1758 369 1810; x_wconf 78' lang='grc' dir='ltr'>νὸν</span> <span class='ocrx_word' id='word_1_167' title='bbox 395 1759 488 1826; x_wconf 78' lang='grc' dir='ltr'>γὰρ</span> <span class='ocrx_word' id='word_1_168' title='bbox 514 1768 544 1786; x_wconf 74' lang='lat'>¹¹¹</span> <span class='ocrx_word' id='word_1_169' title='bbox 557 1762 712 1815; x_wconf 76' lang='grc' dir='ltr'>αὐτοῖς</span> <span class='ocrx_word' id='word_1_170' title='bbox 738 1761 792 1812; x_wconf 83' lang='grc' dir='ltr'>τὸ</span> <span class='ocrx_word' id='word_1_171' title='bbox 818 1763 1045 1813; x_wconf 78' lang='grc' dir='ltr'>πένεσθαι</span> <span class='ocrx_word' id='word_1_172' title='bbox 1079 1762 1259 1830; x_wconf 89' lang='grc' dir='ltr'>κακόν),</span> <span class='ocrx_word' id='word_1_173' title='bbox 1287 1762 1409 1826; x_wconf 84' lang='grc' dir='ltr'>μηδέ</span> <span class='ocrx_word' id='word_1_174' title='bbox 1434 1785 1488 1827; x_wconf 80' lang='grc' dir='ltr'>γε</span> <span class='ocrx_word' id='word_1_175' title='bbox 1522 1760 1628 1814; x_wconf 75' lang='grc' dir='ltr'>τοὺς</span> <span class='ocrx_word' id='word_1_176' title='bbox 1663 1760 1802 1826; x_wconf 76' lang='grc' dir='ltr'>ἐργά-</span> 
     </span>
    </p>

    <p class='ocr_par' dir='ltr' id='par_1_9' title="bbox 217 1844 1935 2335">
     <span class='ocr_line' id='line_1_20' title="bbox 217 1844 1807 1913; baseline -0.003 -14"><span class='ocrx_word' id='word_1_177' title='bbox 217 1861 271 1903; x_wconf 83' lang='grc'>43</span> <span class='ocrx_word' id='word_1_178' title='bbox 288 1844 450 1911; x_wconf 74' lang='grc' dir='ltr'>ζεσθαι</span> <span class='ocrx_word' id='word_1_179' title='bbox 500 1851 576 1896; x_wconf 85' lang='grc' dir='ltr'>καὶ</span> <span class='ocrx_word' id='word_1_180' title='bbox 626 1847 713 1913; x_wconf 74' lang='grc' dir='ltr'>ζῆν</span> <span class='ocrx_word' id='word_1_181' title='bbox 763 1849 812 1898; x_wconf 87' lang='grc' dir='ltr'>ἐκ</span> <span class='ocrx_word' id='word_1_182' title='bbox 862 1853 945 1898; x_wconf 90' lang='grc' dir='ltr'>τοῦ</span> <span class='ocrx_word' id='word_1_183' title='bbox 997 1849 1175 1898; x_wconf 84' lang='grc' dir='ltr'>δικαίου</span> <span class='ocrx_word' id='word_1_184' title='bbox 1225 1846 1633 1913; x_wconf 79' lang='grc' dir='ltr'>προαιρουμένους·</span> <span class='ocrx_word' id='word_1_185' title='bbox 1695 1847 1807 1896; x_wconf 78' lang='grc' dir='ltr'>ἀλλ’</span> 
     </span>
     <span class='ocr_line' id='line_1_21' title="bbox 287 1929 1811 1996; baseline -0.001 -15"><span class='ocrx_word' id='word_1_186' title='bbox 287 1931 588 1993; x_wconf 85' lang='grc' dir='ltr'>ἀκούσαντες,</span> <span class='ocrx_word' id='word_1_187' title='bbox 614 1931 694 1981; x_wconf 80' lang='grc' dir='ltr'>ἐὰν</span> <span class='ocrx_word' id='word_1_188' title='bbox 721 1933 827 1995; x_wconf 82' lang='grc' dir='ltr'>ὑμῖν</span> <span class='ocrx_word' id='word_1_189' title='bbox 853 1931 1120 1982; x_wconf 87' lang='grc' dir='ltr'>ἐπιδεικνύω</span> <span class='ocrx_word' id='word_1_190' title='bbox 1152 1934 1234 1993; x_wconf 80' lang='grc' dir='ltr'>τῆς</span> <span class='ocrx_word' id='word_1_191' title='bbox 1268 1929 1443 1996; x_wconf 77' lang='grc' dir='ltr'>μητρὸς</span> <span class='ocrx_word' id='word_1_192' title='bbox 1479 1929 1586 1983; x_wconf 73' lang='grc' dir='ltr'>τοὺς</span> <span class='ocrx_word' id='word_1_193' title='bbox 1621 1930 1811 1983; x_wconf 76' lang='grc' dir='ltr'>οἰκείους</span> 
     </span>
     <span class='ocr_line' id='line_1_22' title="bbox 287 2011 1935 2081; baseline -0.003 -16"><span class='ocrx_word' id='word_1_194' title='bbox 287 2014 409 2068; x_wconf 83' lang='grc' dir='ltr'>οἵους</span> <span class='ocrx_word' id='word_1_195' title='bbox 448 2018 724 2081; x_wconf 80' lang='grc' dir='ltr'>“προσῆκεν</span> <span class='ocrx_word' id='word_1_196' title='bbox 764 2013 877 2066; x_wconf 77' lang='grc' dir='ltr'>εἶναι</span> <span class='ocrx_word' id='word_1_197' title='bbox 918 2014 1183 2081; x_wconf 83' lang='grc' dir='ltr'>ἀνθρώποις</span> <span class='ocrx_word' id='word_1_198' title='bbox 1225 2015 1497 2080; x_wconf 77' lang='grc' dir='ltr'>ἐλευθέροις,</span> <span class='ocrx_word' id='word_1_199' title='bbox 1537 2011 1602 2063; x_wconf 73' lang='grc' dir='ltr'>Οᾶ</span> <span class='ocrx_word' id='word_1_200' title='bbox 1642 2013 1810 2067; x_wconf 71' lang='grc' dir='ltr'>Ροῦτος</span> <span class='ocrx_word' id='word_1_201' title='bbox 1830 2034 1935 2076; x_wconf 83' lang='lat'>¹3¹0</span> 
     </span>
     <span class='ocr_line' id='line_1_23' title="bbox 289 2096 1806 2165; baseline -0.001 -15"><span class='ocrx_word' id='word_1_202' title='bbox 289 2103 579 2150; x_wconf 83' lang='grc' dir='ltr'>καταιτιᾶται</span> <span class='ocrx_word' id='word_1_203' title='bbox 628 2101 734 2165; x_wconf 82' lang='grc' dir='ltr'>περὶ</span> <span class='ocrx_word' id='word_1_204' title='bbox 784 2101 939 2162; x_wconf 83' lang='grc' dir='ltr'>αὐτῆς,</span> <span class='ocrx_word' id='word_1_205' title='bbox 983 2098 1156 2152; x_wconf 80' lang='grc' dir='ltr'>ταύτας</span> <span class='ocrx_word' id='word_1_206' title='bbox 1205 2097 1290 2152; x_wconf 78' lang='grc' dir='ltr'>τὰς</span> <span class='ocrx_word' id='word_1_207' title='bbox 1336 2096 1566 2159; x_wconf 79' lang='grc' dir='ltr'>διαβολὰς</span> <span class='ocrx_word' id='word_1_208' title='bbox 1610 2097 1806 2165; x_wconf 72' lang='grc' dir='ltr'>ἐξομνυ-</span> 
     </span>
     <span class='ocr_line' id='line_1_24' title="bbox 289 2180 1813 2249; baseline 0 -16"><span class='ocrx_word' id='word_1_209' title='bbox 289 2183 467 2247; x_wconf 75' lang='grc' dir='ltr'>μένους,</span> <span class='ocrx_word' id='word_1_210' title='bbox 496 2186 571 2233; x_wconf 79' lang='grc' dir='ltr'>καὶ</span> <span class='ocrx_word' id='word_1_211' title='bbox 602 2189 953 2249; x_wconf 89' lang='grc' dir='ltr'>μαρτυροῦντας</span> <span class='ocrx_word' id='word_1_212' title='bbox 989 2181 1134 2246; x_wconf 83' lang='grc' dir='ltr'>αὐτὴν</span> <span class='ocrx_word' id='word_1_213' title='bbox 1166 2180 1321 2245; x_wconf 82' lang='grc' dir='ltr'>ἀστὴν</span> <span class='ocrx_word' id='word_1_214' title='bbox 1351 2182 1501 2232; x_wconf 77' lang='grc' dir='ltr'>οὖσαν</span> <span class='ocrx_word' id='word_1_215' title='bbox 1530 2181 1706 2241; x_wconf 78' lang='grc' dir='ltr'>εἰδέναι,</span> <span class='ocrx_word' id='word_1_216' title='bbox 1734 2180 1813 2234; x_wconf 78' lang='grc' dir='ltr'>οῦς</span> 
     </span>
     <span class='ocr_line' id='line_1_25' title="bbox 292 2264 1806 2335; baseline -0.001 -18"><span class='ocrx_word' id='word_1_217' title='bbox 292 2268 416 2331; x_wconf 82' lang='grc' dir='ltr'>ὑμεῖς</span> <span class='ocrx_word' id='word_1_218' title='bbox 444 2267 624 2335; x_wconf 86' lang='grc' dir='ltr'>φήσετε</span> <span class='ocrx_word' id='word_1_219' title='bbox 660 2266 860 2320; x_wconf 75' lang='grc' dir='ltr'>πιστοὺς</span> <span class='ocrx_word' id='word_1_220' title='bbox 891 2265 1019 2329; x_wconf 75' lang='grc' dir='ltr'>εἶναι,</span> <span class='ocrx_word' id='word_1_221' title='bbox 1046 2267 1227 2317; x_wconf 81' lang='grc' dir='ltr'>δικαίαν</span> <span class='ocrx_word' id='word_1_222' title='bbox 1253 2267 1361 2329; x_wconf 79' lang='grc' dir='ltr'>ἡμῖν</span> <span class='ocrx_word' id='word_1_223' title='bbox 1387 2267 1562 2316; x_wconf 47' lang='grc' dir='ltr'>(ἰθέσθε</span> <span class='ocrx_word' id='word_1_224' title='bbox 1594 2264 1680 2328; x_wconf 90' lang='grc' dir='ltr'>τὴν</span> <span class='ocrx_word' id='word_1_225' title='bbox 1705 2268 1806 2332; x_wconf 78' lang='grc' dir='ltr'>ψῆ-</span> 
     </span>
    </p>

    <p class='ocr_par' dir='ltr' id='par_1_10' title="bbox 223 2348 1839 2669">
     <span class='ocr_line' id='line_1_26' title="bbox 223 2348 1839 2418; baseline 0.001 -18"><span class='ocrx_word' id='word_1_226' title='bbox 223 2369 280 2408; x_wconf 85' lang='lat'>44</span> <span class='ocrx_word' id='word_1_227' title='bbox 294 2354 404 2418; x_wconf 87' lang='grc' dir='ltr'>φον.</span> <span class='ocrx_word' id='word_1_228' title='bbox 457 2351 557 2413; x_wconf 81' lang='grc' dir='ltr'>ἐμοὶ</span> <span class='ocrx_word' id='word_1_229' title='bbox 590 2349 684 2416; x_wconf 79' lang='grc' dir='ltr'>γὰρ</span> <span class='ocrx_word' id='word_1_230' title='bbox 717 2349 775 2413; x_wconf 81' lang='grc' dir='ltr'>ἧν</span> <span class='ocrx_word' id='word_1_231' title='bbox 808 2349 1016 2411; x_wconf 82' lang='grc' dir='ltr'>πάππος,</span> <span class='ocrx_word' id='word_1_232' title='bbox 1043 2348 1080 2400; x_wconf 72' lang='grc' dir='ltr'><em>ὦ</em></span> <span class='ocrx_word' id='word_1_233' title='bbox 1111 2350 1273 2416; x_wconf 79' lang='grc' dir='ltr'>ἄνδρες</span> <span class='ocrx_word' id='word_1_234' title='bbox 1304 2353 1560 2412; x_wconf 82' lang='grc' dir='ltr'>Ἀθηναῖοι,</span> <span class='ocrx_word' id='word_1_235' title='bbox 1595 2351 1677 2412; x_wconf 81' lang='grc' dir='ltr'>τῆς</span> <span class='ocrx_word' id='word_1_236' title='bbox 1714 2370 1839 2412; x_wconf 88' lang='grc' dir='ltr'>μη-5</span> 
     </span>
     <span class='ocr_line' id='line_1_27' title="bbox 292 2432 1814 2501; baseline -0.001 -18"><span class='ocrx_word' id='word_1_237' title='bbox 292 2432 402 2499; x_wconf 83' lang='grc' dir='ltr'>τρὸς</span> <span class='ocrx_word' id='word_1_238' title='bbox 445 2432 616 2500; x_wconf 85' lang='grc' dir='ltr'>πατὴρ,</span> <span class='ocrx_word' id='word_1_239' title='bbox 662 2433 1010 2499; x_wconf 84' lang='grc' dir='ltr'>Δαμόστρατος</span> <span class='ocrx_word' id='word_1_240' title='bbox 1057 2433 1307 2487; x_wconf 85' lang='grc' dir='ltr'>Μελιτεύς.</span> <span class='ocrx_word' id='word_1_241' title='bbox 1375 2432 1525 2501; x_wconf 75' lang='grc' dir='ltr'>τούτῳ</span> <span class='ocrx_word' id='word_1_242' title='bbox 1571 2432 1814 2496; x_wconf 82' lang='grc' dir='ltr'>γίγνονται</span> 
     </span>
     <span class='ocr_line' id='line_1_28' title="bbox 292 2515 1811 2583; baseline -0.001 -16"><span class='ocrx_word' id='word_1_243' title='bbox 292 2516 508 2583; x_wconf 78' lang='grc' dir='ltr'>τέτταρες</span> <span class='ocrx_word' id='word_1_244' title='bbox 541 2519 716 2578; x_wconf 79' lang='grc' dir='ltr'>παῖδες,</span> <span class='ocrx_word' id='word_1_245' title='bbox 744 2519 793 2567; x_wconf 86' lang='grc' dir='ltr'>ἐκ</span> <span class='ocrx_word' id='word_1_246' title='bbox 826 2516 911 2580; x_wconf 77' lang='grc' dir='ltr'>μὲν</span> <span class='ocrx_word' id='word_1_247' title='bbox 937 2517 991 2581; x_wconf 77' lang='grc' dir='ltr'>ἧς</span> <span class='ocrx_word' id='word_1_248' title='bbox 1021 2515 1076 2568; x_wconf 81' lang='grc' dir='ltr'>τὸ</span> <span class='ocrx_word' id='word_1_249' title='bbox 1107 2521 1297 2583; x_wconf 82' lang='grc' dir='ltr'>πρῶτον</span> <span class='ocrx_word' id='word_1_250' title='bbox 1331 2517 1445 2583; x_wconf 72' lang='grc' dir='ltr'>ε”σχε</span> <span class='ocrx_word' id='word_1_251' title='bbox 1476 2516 1692 2581; x_wconf 79' lang='grc' dir='ltr'>γυναικὸς</span> <span class='ocrx_word' id='word_1_252' title='bbox 1726 2521 1811 2566; x_wconf 91' lang='grc' dir='ltr'>θυ-</span> 
     </span>
     <span class='ocr_line' id='line_1_29' title="bbox 293 2598 1816 2669; baseline -0.003 -17"><span class='ocrx_word' id='word_1_253' title='bbox 293 2601 446 2668; x_wconf 82' lang='grc' dir='ltr'>γάτηρ</span> <span class='ocrx_word' id='word_1_254' title='bbox 484 2602 560 2651; x_wconf 79' lang='grc' dir='ltr'>καὶ</span> <span class='ocrx_word' id='word_1_255' title='bbox 606 2600 700 2654; x_wconf 78' lang='grc' dir='ltr'>υἱὸς</span> <span class='ocrx_word' id='word_1_256' title='bbox 744 2598 781 2669; x_wconf 74' lang='grc' dir='ltr'><em>ᾧ</em></span> <span class='ocrx_word' id='word_1_257' title='bbox 826 2600 975 2664; x_wconf 81' lang='grc' dir='ltr'>ὄνομα</span> <span class='ocrx_word' id='word_1_258' title='bbox 1015 2600 1273 2664; x_wconf 79' lang='grc' dir='ltr'>Ἀμυθέων,</span> <span class='ocrx_word' id='word_1_259' title='bbox 1313 2602 1361 2651; x_wconf 87' lang='grc' dir='ltr'>ἐκ</span> <span class='ocrx_word' id='word_1_260' title='bbox 1402 2600 1450 2650; x_wconf 79' lang='grc' dir='ltr'>δέ</span> <span class='ocrx_word' id='word_1_261' title='bbox 1491 2603 1573 2663; x_wconf 84' lang='grc' dir='ltr'>τῆς</span> <span class='ocrx_word' id='word_1_262' title='bbox 1616 2601 1816 2664; x_wconf 80' lang='grc' dir='ltr'>ὕστερον</span> 
     </span>
    </p>
   </div>
   <div class='ocr_carea' id='block_1_3' title="bbox 294 2764 1814 2868">
    <p class='ocr_par' dir='ltr' id='par_1_11' title="bbox 294 2764 1814 2868">
     <span class='ocr_line' id='line_1_30' title="bbox 349 2764 1814 2814; baseline -0.003 -12"><span class='ocrx_word' id='word_1_263' title='bbox 349 2775 366 2795; x_wconf 78' lang='lat'><strong>⁰</strong></span> <span class='ocrx_word' id='word_1_264' title='bbox 385 2767 526 2814; x_wconf 81' lang='grc' dir='ltr'>ἀφείθη]</span> <span class='ocrx_word' id='word_1_265' title='bbox 551 2768 661 2813; x_wconf 84' lang='grc' dir='ltr'>αφεθη</span> <span class='ocrx_word' id='word_1_266' title='bbox 684 2767 768 2806; x_wconf 84' lang='lat' dir='ltr'>S.Q.</span> <span class='ocrx_word' id='word_1_267' title='bbox 851 2764 869 2791; x_wconf 71' lang='lat' dir='ltr'>d</span> <span class='ocrx_word' id='word_1_268' title='bbox 889 2768 949 2810; x_wconf 79' lang='grc' dir='ltr'>μὲν</span> <span class='ocrx_word' id='word_1_269' title='bbox 969 2779 1041 2802; x_wconf 90' lang='lat' dir='ltr'>om.</span> <span class='ocrx_word' id='word_1_270' title='bbox 1058 2768 1098 2800; x_wconf 92' lang='lat' dir='ltr'>A.</span> <span class='ocrx_word' id='word_1_271' title='bbox 1122 2767 1196 2812; x_wconf 89' lang='lat' dir='ltr'>(qui</span> <span class='ocrx_word' id='word_1_272' title='bbox 1217 2779 1237 2800; x_wconf 82' lang='lat' dir='ltr'>a</span> <span class='ocrx_word' id='word_1_273' title='bbox 1255 2779 1301 2800; x_wconf 86' lang='lat' dir='ltr'>m.</span> <span class='ocrx_word' id='word_1_274' title='bbox 1322 2778 1392 2801; x_wconf 81' lang='lat' dir='ltr'>rec.</span> <span class='ocrx_word' id='word_1_275' title='bbox 1415 2766 1535 2811; x_wconf 73' lang='lat' dir='ltr'>habet)</span> <span class='ocrx_word' id='word_1_276' title='bbox 1555 2778 1583 2800; x_wconf 84' lang='lat' dir='ltr'>r.</span> <span class='ocrx_word' id='word_1_277' title='bbox 1668 2771 1683 2790; x_wconf 75' lang='lat' dir='ltr'><strong>e</strong></span> <span class='ocrx_word' id='word_1_278' title='bbox 1704 2766 1814 2805; x_wconf 74' lang='grc' dir='ltr'>οὐδὲν,</span> 
     </span>
     <span class='ocr_line' id='line_1_31' title="bbox 294 2817 1813 2868; baseline -0.003 -12"><span class='ocrx_word' id='word_1_279' title='bbox 294 2822 532 2868; x_wconf 82' lang='grc' dir='ltr'>λελοιδόρηκε]</span> <span class='ocrx_word' id='word_1_280' title='bbox 557 2821 871 2866; x_wconf 80' lang='grc' dir='ltr'>οὐδέναελοιδόρηκε</span> <span class='ocrx_word' id='word_1_281' title='bbox 895 2821 929 2854; x_wconf 84' lang='lat' dir='ltr'>S.</span> <span class='ocrx_word' id='word_1_282' title='bbox 1010 2817 1023 2844; x_wconf 84' lang='lat' dir='ltr'>f</span> <span class='ocrx_word' id='word_1_283' title='bbox 1041 2819 1060 2853; x_wconf 80' lang='grc' dir='ltr'>ὅ</span> <span class='ocrx_word' id='word_1_284' title='bbox 1079 2834 1110 2854; x_wconf 88' lang='grc' dir='ltr'>τι</span> <span class='ocrx_word' id='word_1_285' title='bbox 1131 2821 1187 2866; x_wconf 79' lang='grc' dir='ltr'>οὔ]</span> <span class='ocrx_word' id='word_1_286' title='bbox 1212 2835 1244 2853; x_wconf 90' lang='grc' dir='ltr'>τι</span> <span class='ocrx_word' id='word_1_287' title='bbox 1266 2820 1392 2858; x_wconf 84' lang='lat' dir='ltr'><strong>F.S.Q.</strong></span> <span class='ocrx_word' id='word_1_288' title='bbox 1423 2821 1536 2853; x_wconf 81' lang='grc' dir='ltr'>ὁτιοῦν</span> <span class='ocrx_word' id='word_1_289' title='bbox 1557 2832 1583 2853; x_wconf 80' lang='grc' dir='ltr'>ι’.</span> <span class='ocrx_word' id='word_1_290' title='bbox 1668 2824 1687 2851; x_wconf 74' lang='lat' dir='ltr'>g</span> <span class='ocrx_word' id='word_1_291' title='bbox 1707 2819 1813 2852; x_wconf 78' lang='grc' dir='ltr'>αἰτιά-</span> 
     </span>
    </p>
   </div>
   <div class='ocr_carea' id='block_1_4' title="bbox 296 2871 1816 3027">
    <p class='ocr_par' dir='ltr' id='par_1_12' title="bbox 296 2871 1816 3027">
     <span class='ocr_line' id='line_1_32' title="bbox 296 2871 1813 2920; baseline -0.002 -11"><span class='ocrx_word' id='word_1_292' title='bbox 296 2875 445 2920; x_wconf 81' lang='grc' dir='ltr'>σασθαι]</span> <span class='ocrx_word' id='word_1_293' title='bbox 471 2875 643 2909; x_wconf 84' lang='grc' dir='ltr'>αἰτιᾶσθαι</span> <span class='ocrx_word' id='word_1_294' title='bbox 663 2875 736 2908; x_wconf 89' lang='lat' dir='ltr'>A.r.</span> <span class='ocrx_word' id='word_1_295' title='bbox 901 2871 921 2898; x_wconf 81' lang='lat' dir='ltr'>h</span> <span class='ocrx_word' id='word_1_296' title='bbox 941 2873 1067 2918; x_wconf 84' lang='grc' dir='ltr'>πάντα]</span> <span class='ocrx_word' id='word_1_297' title='bbox 1091 2874 1217 2907; x_wconf 81' lang='grc' dir='ltr'>πάντας</span> <span class='ocrx_word' id='word_1_298' title='bbox 1238 2886 1264 2906; x_wconf 84' lang='lat' dir='ltr'>r.</span> <span class='ocrx_word' id='word_1_299' title='bbox 1286 2879 1321 2907; x_wconf 83' lang='lat' dir='ltr'>et</span> <span class='ocrx_word' id='word_1_300' title='bbox 1340 2886 1393 2918; x_wconf 88' lang='lat' dir='ltr'>pr.</span> <span class='ocrx_word' id='word_1_301' title='bbox 1416 2874 1458 2906; x_wconf 82' lang='lat' dir='ltr'>A.</span> <span class='ocrx_word' id='word_1_302' title='bbox 1481 2873 1516 2906; x_wconf 86' lang='lat' dir='ltr'>in</span> <span class='ocrx_word' id='word_1_303' title='bbox 1538 2884 1607 2917; x_wconf 90' lang='lat' dir='ltr'>quo</span> <span class='ocrx_word' id='word_1_304' title='bbox 1629 2887 1643 2907; x_wconf 84' lang='grc' dir='ltr'>ς</span> <span class='ocrx_word' id='word_1_305' title='bbox 1662 2884 1813 2906; x_wconf 82' lang='lat' dir='ltr'><strong>erasum.</strong></span> 
     </span>
     <span class='ocr_line' id='line_1_33' title="bbox 297 2923 1814 2974; baseline -0.004 -11"><span class='ocrx_word' id='word_1_306' title='bbox 297 2926 308 2953; x_wconf 71' lang='lat' dir='ltr'>i</span> <span class='ocrx_word' id='word_1_307' title='bbox 326 2928 459 2974; x_wconf 75' lang='grc' dir='ltr'>ἔπειτα]</span> <span class='ocrx_word' id='word_1_308' title='bbox 485 2929 555 2962; x_wconf 83' lang='grc' dir='ltr'>ἐπεὶ</span> <span class='ocrx_word' id='word_1_309' title='bbox 574 2929 617 2963; x_wconf 90' lang='grc' dir='ltr'>Λ.</span> <span class='ocrx_word' id='word_1_310' title='bbox 731 2924 751 2951; x_wconf 80' lang='lat' dir='ltr'>k</span> <span class='ocrx_word' id='word_1_311' title='bbox 770 2927 904 2962; x_wconf 80' lang='grc' dir='ltr'>πολλὰς</span> <span class='ocrx_word' id='word_1_312' title='bbox 923 2939 993 2960; x_wconf 87' lang='lat' dir='ltr'>om.</span> <span class='ocrx_word' id='word_1_313' title='bbox 1014 2927 1086 2960; x_wconf 86' lang='lat' dir='ltr'>A.r.</span> <span class='ocrx_word' id='word_1_314' title='bbox 1191 2923 1200 2950; x_wconf 87' lang='lat' dir='ltr'>l</span> <span class='ocrx_word' id='word_1_315' title='bbox 1219 2941 1259 2971; x_wconf 79' lang='grc' dir='ltr'>γε</span> <span class='ocrx_word' id='word_1_316' title='bbox 1279 2938 1348 2960; x_wconf 87' lang='lat' dir='ltr'>om.</span> <span class='ocrx_word' id='word_1_317' title='bbox 1370 2939 1396 2961; x_wconf 88' lang='lat' dir='ltr'>r.</span> <span class='ocrx_word' id='word_1_318' title='bbox 1414 2940 1420 2959; x_wconf 91' lang='lat'>:</span> <span class='ocrx_word' id='word_1_319' title='bbox 1452 2938 1472 2959; x_wconf 82' lang='lat' dir='ltr'>a</span> <span class='ocrx_word' id='word_1_320' title='bbox 1491 2938 1537 2960; x_wconf 89' lang='lat'>111.</span> <span class='ocrx_word' id='word_1_321' title='bbox 1559 2937 1626 2959; x_wconf 84' lang='lat' dir='ltr'><strong>rec.</strong></span> <span class='ocrx_word' id='word_1_322' title='bbox 1647 2925 1753 2958; x_wconf 83' lang='lat' dir='ltr'>habet</span> <span class='ocrx_word' id='word_1_323' title='bbox 1773 2926 1814 2958; x_wconf 83' lang='lat' dir='ltr'>A.</span> 
     </span>
     <span class='ocr_line' id='line_1_34' title="bbox 297 2975 1816 3027; baseline -0.003 -12"><span class='ocrx_word' id='word_1_324' title='bbox 297 2987 328 3006; x_wconf 80' lang='lat' dir='ltr'>m</span> <span class='ocrx_word' id='word_1_325' title='bbox 348 2981 479 3027; x_wconf 80' lang='grc' dir='ltr'>αὐτοῖς]</span> <span class='ocrx_word' id='word_1_326' title='bbox 503 2982 618 3016; x_wconf 81' lang='grc' dir='ltr'>αὐτοῖς</span> <span class='ocrx_word' id='word_1_327' title='bbox 637 2981 714 3014; x_wconf 82' lang='grc' dir='ltr'>ἐστι</span> <span class='ocrx_word' id='word_1_328' title='bbox 732 2981 776 3014; x_wconf 92' lang='lat' dir='ltr'>A.</span> <span class='ocrx_word' id='word_1_329' title='bbox 853 2985 872 3004; x_wconf 72' lang='grc' dir='ltr'>Π</span> <span class='ocrx_word' id='word_1_330' title='bbox 892 2979 1081 3025; x_wconf 87' lang='grc' dir='ltr'>προσῆκεν]</span> <span class='ocrx_word' id='word_1_331' title='bbox 1105 2978 1271 3024; x_wconf 81' lang='grc' dir='ltr'>προσήκει</span> <span class='ocrx_word' id='word_1_332' title='bbox 1291 2980 1363 3012; x_wconf 83' lang='lat' dir='ltr'><strong>A.r.</strong></span> <span class='ocrx_word' id='word_1_333' title='bbox 1439 2984 1457 3003; x_wconf 93' lang='lat'>0</span> <span class='ocrx_word' id='word_1_334' title='bbox 1477 2978 1514 3025; x_wconf 80' lang='grc' dir='ltr'>ἃ]</span> <span class='ocrx_word' id='word_1_335' title='bbox 1539 2979 1596 3013; x_wconf 83' lang='grc' dir='ltr'>ἐὰν</span> <span class='ocrx_word' id='word_1_336' title='bbox 1616 2975 1816 3017; x_wconf 60' lang='lat' dir='ltr'>F..SQ.‹&#39;1&#39;11</span> 
     </span>
    </p>
   </div>
   <div class='ocr_carea' id='block_1_5' title="bbox 298 3032 1410 3079">
    <p class='ocr_par' dir='ltr' id='par_1_13' title="bbox 298 3032 1410 3079">
     <span class='ocr_line' id='line_1_35' title="bbox 298 3032 1410 3079; baseline -0.001 -12"><span class='ocrx_word' id='word_1_337' title='bbox 298 3035 370 3069; x_wconf 79' lang='lat' dir='ltr'><strong>A.r.</strong></span> <span class='ocrx_word' id='word_1_338' title='bbox 456 3040 475 3067; x_wconf 86' lang='lat' dir='ltr'>P</span> <span class='ocrx_word' id='word_1_339' title='bbox 497 3033 596 3070; x_wconf 77' lang='grc' dir='ltr'>οὗτος</span> <span class='ocrx_word' id='word_1_340' title='bbox 616 3045 685 3069; x_wconf 90' lang='lat' dir='ltr'>om.</span> <span class='ocrx_word' id='word_1_341' title='bbox 707 3033 838 3073; x_wconf 82' lang='lat' dir='ltr'><strong>F.S.Q.</strong></span> <span class='ocrx_word' id='word_1_342' title='bbox 922 3038 942 3066; x_wconf 81' lang='grc'>(1</span> <span class='ocrx_word' id='word_1_343' title='bbox 961 3033 1083 3079; x_wconf 86' lang='grc' dir='ltr'>θέσθε]</span> <span class='ocrx_word' id='word_1_344' title='bbox 1109 3032 1229 3067; x_wconf 86' lang='grc' dir='ltr'>θέσθαι</span> <span class='ocrx_word' id='word_1_345' title='bbox 1248 3032 1410 3071; x_wconf 84' lang='lat' dir='ltr'><strong>A.S.Q.r.</strong></span> 
     </span>
    </p>
   </div>
  </div>
 </body>
</html>
