2009 3286
255 199 368 242 1374
786 200 1256 254 [ΔΗΜΟΣΘΕΝΟΎΣ]
1350 199 1430 239 On.
1453 199 1582 239 LIX.
1606 214 1646 254 p.
1670 211 1790 254 1349,
1805 212 1903 238 2⁶-

255 316 330 364 καῖ
369 314 535 365 πολλὰ
571 313 953 380 παρανενόμηκεν
995 318 1056 367 εὶς
1099 313 1185 377 τὴν
1222 312 1380 375 πόλιν,
1419 314 1544 363 ταῦτ’
1587 312 1675 376 ἤδη
1715 316 1786 363 δεῖ

255 402 421 460 μαθεῖν
457 400 587 462 ὑμᾶς.
641 399 800 459 δέομαι
840 399 921 448 οὖν
957 400 1097 460 ὑμῶν,
1130 396 1167 448 ὦ
1201 398 1365 464 ἄνδρες
1399 400 1631 459 δικασταὶ,
1664 395 1782 463 ἅπερ

1194 480 1209 508 f

256 482 459 547 ἡγοῦμαι
497 481 754 548 προσήκειν
794 485 1012 546 δεηθῆναι
1056 482 1157 532 νέον
1221 504 1271 532 τε
1311 481 1425 532 ὅντα
1468 484 1543 531 καὶ
1582 482 1782 547 ἀπείρως

257 565 426 633 ἔχοντα
467 572 551 617 τοῦ
590 567 758 632 λέγειν,
798 565 1068 632 συνήγορόν
1106 589 1162 629 με
1202 573 1424 617 κελεῦσαι
1469 565 1672 617 καλέσαι
1716 568 1783 634 τῷ

191 669 245 699 20
257 651 404 715 ἀγῶνι
439 649 589 719 τούτῳ
625 648 1014 715 Ἀπολλόδωρον.
1068 653 1143 700 καὶ
1174 650 1267 716 γὰρ
1297 649 1620 717 πρεσβύτερός
1652 651 1783 699 ἐστιν

194 1493 241 1521 21

198 2177 248 2204 22

257 732 285 797 ἢ
312 732 417 799 ἐγὼ,
445 736 520 784 καὶ
553 734 886 799 ἐμπειροτέρως
920 734 1013 801 ἔχει
1051 739 1145 785 τῶν
1184 734 1355 798 νόμων,
1382 737 1490 785 gna}
1523 734 1784 798 μεμέληκεν
1801 753 1814 779 1
1823 752 1847 794 3
1852 749 1908 793 50

257 819 382 885 αὐτῷ
440 819 546 883 περὶ
604 816 783 868 τούτων
842 817 859 843 ¹¹
882 817 1107 869 ἁπάντων
1162 820 1381 881 ἀκριβῶς,
1440 820 1516 868 καὶ
1573 818 1784 881 ἠδίκηται

258 899 349 951 ὑπὸ
401 899 648 968 Στεφάνου
700 900 931 964 ὶτουτουῖ,
984 901 1107 953 ὥστε
1165 904 1240 952 καὶ
1291 903 1607 971 ἀνεπίφθονον
1659 901 1785 968 αὐτῷ

257 988 561 1050 τιμωρεῖσθαι
604 983 686 1035 τὸν
729 985 1020 1054 ὑπάρξαντα.
1083 988 1155 1036 δεῖ
1195 986 1232 1036 δ’
1275 986 1392 1049 ὑμᾶς
1430 985 1487 1054 ἐξ
1523 986 1663 1048 αὐτῆς
1701 987 1814 1047 τῆς5

259 1069 480 1133 ἀληθείας
524 1068 609 1132 τὴν
655 1070 896 1135 ἀκρίβειαν
937 1069 1234 1122 ἀκούσαντας
1281 1072 1364 1133 τῆς
1406 1092 1456 1120 τε
1503 1069 1784 1135 κατηγορίας

258 1150 372 1203 1(καὶ
405 1155 487 1216 τῆς
523 1153 798 1218 ἀπολογίας,
834 1155 979 1207 οὕτως
1011 1154 1100 1218 ἤδη
1136 1152 1221 1217 τὴν
1254 1156 1424 1221 ψῆφον
1452 1152 1634 1221 ιφέρειν
1669 1151 1784 1218 ὑπέρ

258 1259 307 1286 τε
348 1241 443 1287 τῶν
482 1241 601 1287 θεῶν
640 1239 715 1287 καὶ
755 1242 850 1287 τῶν
896 1237 1051 1301 νόμων
1091 1241 1165 1288 καὶ
1205 1244 1288 1288 τοῦ
1327 1240 1503 1289 δικαίου
1541 1239 1616 1288 καὶ
1657 1238 1786 1300 ὑμῶν

260 1344 428 1372 αυτων.

827 1404 857 1423 ¹¹¹
876 1400 1222 1441 ΣΥΝΙ-ΙΓΟΡΙΑ.

336 1469 433 1522 ΠὸΑ
460 1471 545 1535 μὲν
571 1473 857 1536 ἠδικημένος,
885 1470 922 1522 ὦ
949 1472 1112 1539 ἄνδρες
1138 1474 1394 1537 Ἀθηναῖοι,
1419 1472 1508 1523 ὑπὸ
1537 1471 1784 1540 Στεφάνου
1801 1493 1838 1515 ¹0

261 1555 535 1619 ἀναβέβηκα
573 1554 917 1622 κατηγορήσων
954 1557 1158 1622 Νεαίρας
1193 1558 1441 1620 Οταυτησῖ,
1477 1556 1786 1619 Θεόμνηστος

261 1639 410 1706 ε’ίρηκε
454 1640 572 1706 πρὸς
618 1642 750 1704 ὑμᾶς·
803 1643 865 1694 ὡς
903 1641 941 1691 δ’
983 1642 1120 1691 Ρέστὶ
1162 1640 1271 1709 ξένη
1312 1641 1492 1707 Νέαιρα
1537 1642 1612 1691 καὶ
1656 1639 1788 1705 παρὰ

261 1723 368 1778 τοὺς
413 1724 581 1787 νόμους
626 1747 829 1776 συνοικει
871 1725 1154 1795 ἿΣτεφάνῳ,
1193 1734 1207 1752 ¹'
1223 1731 1361 1776 τοῦτο
1405 1727 1511 1788 ὑμῖν
1551 1724 1788 1788 βούλομαι

261 1812 434 1875 σαφῶς
468 1808 707 1877 ἐπιδεῖξαι.
764 1814 953 1875 πρῶτον
989 1808 1074 1872 μὲν
1110 1811 1191 1861 οὖν
1225 1810 1308 1860 τὸν
1348 1808 1492 1873 νόμον
1528 1811 1634 1872 ὑμῖν
1667 1811 1782 1859 ἀνα-

262 1894 511 1958 γνώσεται,
550 1895 651 1944 καθ’
693 1892 745 1944 ὃν
790 1894 876 1958 τήν
921 1917 971 1945 τε
1009 1894 1201 1963 γραφὴν
1247 1896 1437 1959 ταυτηνὶ
1478 1892 1787 1958 Θεόμνηστος
1806 1916 1837 1947 Ι5

263 1977 511 2045 ἐγράψατο
538 1979 613 2028 καὶ
641 1979 665 2028 ὁ
693 1977 822 2042 ἀγὼν
848 1979 981 2033 οὗτος
1009 1979 1267 2048 εἰσέρχεται
1294 1983 1355 2033 εἷς
1383 1980 1513 2042 ὑμᾶς.

914 2089 1136 2130 ΝΟΜΟΣ.

377 2164 475 2205 Ἐὰν
512 2167 553 2205 δὲ
590 2165 702 2215 ξένος
738 2166 837 2220 ἀστῇ
873 2167 1033 2216 συνοικῇ
1070 2165 1190 2219 τέχνῃ
1222 2164 1245 2215 ἢ
1276 2167 1433 2220 μηχανῇ
1468 2162 1653 2220 ᾑτινιοῦν,
1692 2182 1787 2216 γρα-

322 2233 459 2284 φέσθω
490 2233 587 2285 πρὸς
617 2235 704 2276 τοὺς
733 2233 974 2284 θεσμοθέτας
1002 2232 1224 2284 Ἀθηναίων
1252 2235 1272 2272 ὁ
1301 2233 1560 2283 βουλόμενος,
1591 2233 1676 2273 5οῖς
1707 2230 1789 2281 ἔξε-

323 2317 421 2340 οἼ-ιν.
470 2302 539 2340 ἐὰν
571 2302 612 2340 δὲ
647 2302 742 2354 ἁλῷ,
775 2300 989 2352 πεπράσθω
1025 2301 1086 2340 καὶ
1120 2300 1236 2342 αὐτὸς
1268 2301 1330 2339 καὶ
1360 2300 1382 2349 ἡ
1414 2299 1530 2339 οὐσία
1561 2299 1691 2344 αὐτοῦ,
1726 2299 1841 2338 καὶεο

323 2367 366 2406 τὸ
394 2368 523 2418 τρίτον
553 2367 670 2418 μέρος
699 2368 797 2406 ἔστω
827 2370 895 2407 τοῦ
922 2368 1119 2408 ῐὲλόντος.
1165 2375 1183 2394 ¹¹
1200 2367 1300 2406 ἔστω
1323 2368 1364 2406 δὲ
1392 2367 1453 2405 καὶ
1480 2367 1550 2405 ἐὰν
1571 2366 1593 2415 ἡ
1616 2363 1710 2415 ξένη
1736 2366 1787 2418 τῷ

323 2434 427 2488 ἀστῷ
466 2435 625 2488 συνοικῇ
660 2436 756 2473 κατὰ
790 2434 922 2481 ταύτὰ,
961 2434 1022 2473 καὶ
1058 2435 1078 2473 ὁ
1117 2437 1308 2473 συνοικῶν
1343 2435 1389 2488 τῇ
1425 2433 1516 2482 ξένῃ
1553 2433 1599 2487 τῇ
1637 2434 1789 2482 ἁλούσῃ

325 2502 519 2553 ὀφειλέτω
541 2502 674 2553 χιλίας
697 2500 884 2552 δραχμάς.

322 2618 336 2645 f
361 2635 397 2654 τε
424 2633 494 2655 om.
514 2633 540 2654 r.
693 2625 714 2649 Εἴ
737 2620 790 2652 καὶ
815 2619 1219 2664 μεμέληκεν-ἀκριβῶς]
1246 2619 1333 2653 Haec
1357 2625 1437 2664 post
1457 2620 1633 2663 Στεφάνου
1653 2620 1789 2653 τουτουὶ

268 2675 486 2720 legebantur,
506 2674 596 2714 loco,
618 2678 657 2706 ut
678 2673 862 2706 Bekkerus
882 2673 1141 2712 animadvertit,
1163 2672 1288 2706 alieno.
1324 2673 1555 2718 Transposuit
1577 2672 1786 2706 Schaeferus.

268 2725 287 2752 ¹¹
306 2728 480 2772 ἁπάντων]
503 2727 638 2760 πάντων
658 2738 684 2759 r.
773 2722 782 2749 i
804 2726 957 2771 τουτουὶ]
984 2724 1106 2759 τούτου
1129 2725 1324 2759 S.Y.O.1·.v.
1411 2722 1429 2749 k
1451 2727 1504 2759 καὶ
1524 2727 1583 2768 τῆς
1601 2726 1790 2770 ἀπολογίας

268 2793 337 2815 om.
361 2781 397 2814 S.
485 2778 493 2806 1
515 2781 632 2824 φέρειν
651 2784 731 2824 post
751 2779 836 2812 θεῶν
855 2790 882 2812 r.
978 2784 1004 2802 m
1027 2778 1294 2822 ΣΥΝΗΓΟΡΙΑ]
1318 2778 1337 2821 ἡ
1358 2779 1545 2824 συνηγορία
1563 2791 1595 2812 v.
1681 2784 1700 2802 11
1720 2775 1782 2824 Ἃ]

268 2834 313 2869 ὡς
333 2846 363 2867 v.
495 2838 512 2857 0
533 2832 694 2878 ταυτησὶ]
722 2832 855 2865 Litoras
875 2830 978 2873 ταύτη
999 2832 1034 2864 in
1054 2832 1122 2865 fine
1143 2843 1262 2865 versus
1282 2832 1325 2865 ab
1346 2844 1381 2865 se
1402 2832 1515 2877 primo
1535 2831 1681 2865 omissas
1701 2844 1784 2876 snp-

267 2887 375 2932 plevit
401 2886 561 2920 librarius
589 2886 624 2919 in
653 2886 689 2919 S.
715 2885 774 2930 qui
801 2896 909 2929 quum
937 2896 999 2929 pro
1028 2898 1077 2923 σι,
1104 2897 1124 2917 a
1148 2896 1218 2929 quo
1243 2897 1363 2918 versus
1392 2885 1572 2930 proximus
1602 2885 1734 2929 incipit,
1760 2899 1788 2917 ει

268 2940 474 2984 scripsisset,
496 2940 563 2973 hoc
583 2939 619 2972 in
640 2953 677 2972 σι
697 2938 845 2972 mutavit
866 2949 989 2971 manus
1009 2937 1163 2982 antiqua.
1249 2943 1267 2970 P
1288 2937 1381 2982 ἐστὶ]
1404 2939 1520 2982 ἔξεστι
1540 2937 1583 2971 O.
1667 2943 1684 2970 q
1706 2942 1784 2970 Στε-

269 2992 384 3038 φάνῳ]
410 2994 572 3039 στεφάνῳ
592 2990 702 3038 τούτῳ
724 2990 920 3025 F.Y.O.1'.v.
994 2997 1007 3015 ¹¹
1026 2991 1128 3023 τοῦτο
1149 2989 1225 3033 ὑμῖν
1245 3002 1315 3024 om.
1334 2990 1493 3025 Y.O.1·.v.
1551 2996 1565 3015 S
1587 2988 1652 3035 οἷς]
1677 2988 1736 3024 οὓς
1755 3002 1784 3024 r.

268 3044 282 3068 ῑ
301 3045 456 3090 ἑλόντος]
478 3045 620 3080 ἁλόντος
642 3045 761 3083 F.Q.r.
874 3049 894 3068 ¹¹
912 3045 1003 3077 ἕστω
1024 3042 1077 3087 δέ]
1102 3041 1264 3078 ὡσαύτως
1283 3043 1319 3077 δὲ
1341 3043 1431 3081 RQ.
