2009 3286
252 171 364 212 1470
783 168 1255 223 [ΔΗΜΟΣΘΕΝΟΎΣ]
1622 182 1664 223 p.
1689 166 1812 219 1446,
1827 183 1905 210 9—
1960 217 1965 220 ,

253 286 460 352 δυσχερῆ
506 287 570 353 τῷ
615 282 747 352 λόγῳ
789 282 1163 351 Υσυγκρύψεται,
1206 283 1373 336 ἁπλῶς
1416 281 1466 332 δὲ
1506 280 1779 335 πεπεικότος

253 366 396 419 αὑτὸν
448 370 555 433 ὑμῖν
605 366 971 435 προσφέρεσθαι
1028 371 1167 417 τοῦτο
1219 370 1409 432 πρῶτον
1460 363 1589 428 εἶναι,
1638 369 1780 416 εἰπεῖν
1796 387 1835 409 10

251 451 430 519 πότερα
480 450 694 518 ἐγνωκὼς
744 449 1089 517 παρελήλυθεν,
1134 449 1192 501 ἵν’
1235 449 1315 501 ἐὰν
1365 448 1451 514 μὲν
1495 449 1784 503 ἀκούσαντες

253 541 392 587 τοῦτο
437 535 544 590 τοὺς
594 534 712 600 μετὰ
757 541 906 586 ταῦτα
951 533 1126 599 λόγους
1170 534 1418 599 βούλησθε
1463 532 1660 595 ἀκούειν,
1707 534 1784 583 καὶ

255 618 457 688 διδάσκῃ
503 622 579 670 καὶ
626 626 640 645 S
660 618 815 688 φράζῃ
865 616 924 668 τὰ
974 617 1210 678 βέλτιστα
1260 619 1385 686 αὐτῷ
1438 619 1679 679 δοκοῦντα,
1725 614 1784 667 ἂν

255 703 292 753 δ’
334 702 731 767 ἀποδοκιμάσητε,
772 701 1144 768 ἀπηλλαγμένος
1185 700 1214 770 ᾗ
1252 705 1330 754 καὶ
1373 701 1491 766 μήτε
1532 703 1639 765 ὑμῖν
1676 703 1777 752 ε’νο-

254 790 352 854 χλῇ
386 785 503 850 μήτε
540 786 682 837 αὑτὸν
716 784 882 853 κόπτῃ.
938 784 1030 851 ἐγὼ
1058 785 1105 836 δὲ
1131 791 1270 837 τοῦτο
1301 790 1491 853 πρῶτον
1522 787 1625 852 ἐρῶ.
1682 786 1834 849 ἐμοὶῐ5

256 874 384 921 δοκεῖ
415 869 790 934 ἴΜυτιληναίων
829 869 853 918 ὁ
894 870 1040 932 δῆμος
1078 868 1346 932 ἠδικῆσθαι,
1385 868 1462 918 καὶ
1503 867 1635 932 δίκην
1677 867 1785 931 ὑμῖν

257 953 372 1020 ὑπὲρ
407 956 550 1006 αὐτοῦ
586 951 882 1020 ιιπροσήκειν
917 957 1098 1013 λαβεῖν.
1154 953 1231 1002 καὶ
1265 950 1392 1005 ὅπως
1425 950 1663 1020 λήψεσθε,
1693 950 1785 1018 ε”χω

256 1038 423 1105 λέγειν,
459 1037 644 1090 ἐπειδὰν
683 1041 745 1092 ὡς
784 1037 1024 1102 ἠδίκηνται
1064 1037 1140 1087 καὶ
1180 1036 1287 1099 ὑμῖν
1324 1033 1556 1101 προσήκει
1594 1038 1786 1099 βοηθεῖν

257 1122 488 1191 ἐπιδείξω.

967 1197 1079 1245 AH.

334 1294 536 1357 Πρῶτον
581 1289 701 1354 Χμὲν
747 1290 799 1340 οὐ
850 1287 975 1340 πάνυ
1026 1287 1304 1353 θαυμαστόν
1347 1288 1492 1350 ἐστιν,
1537 1284 1574 1336 ὦ
1622 1286 1785 1353 ἄνδρες
1798 1306 1840 1329 20

258 1377 515 1439 Ἀθηναῖοι,
542 1373 596 1425 τὸ
627 1372 691 1437 μὴ
718 1373 933 1442 Ῡρᾳδίους
969 1377 1064 1425 τοῖς
1100 1372 1445 1436 συμβουλεύειν
1478 1370 1787 1435 βουλομένοις

260 1458 373 1510 εἶναι
411 1458 519 1513 τοὺς
558 1457 746 1524 λόγους·
794 1457 907 1509 ὅταν
943 1456 1036 1523 γὰρ
1070 1455 1131 1507 τὰ
1168 1455 1428 1522 πράγματα
1466 1455 1549 1522 ε”χῃ
1589 1454 1788 1522 φαύλως

258 1531 365 1609 περὶ
400 1541 464 1593 ὧν
497 1545 568 1594 δεῖ
601 1547 812 1605 σκοπεῖν,
847 1545 1088 1608 δυσχερεῖς
1125 1538 1308 1605 ἀνάγκη
1344 1540 1449 1605 περὶ
1485 1539 1639 1589 αὐτῶν
1674 1537 1788 1589 εἶναι

261 1629 337 1679 καὶ
374 1626 457 1681 τὰς
496 1627 811 1691 συμβουλίας.
868 1629 906 1676 εὶ
939 1623 1024 1689 μὲν
1057 1625 1138 1675 οὖν
1165 1625 1214 1674 ἐκ
1240 1629 1323 1674 τοῦ
1349 1622 1413 1687 μὴ
1440 1621 1616 1673 ἐθέλειν
1642 1622 1781 1673 ἀκού·
1799 1640 1839 1671 25

262 1735 328 1762 ειν
366 1713 501 1765 ἐλπὶς
542 1716 691 1762 ταῦτα
736 1709 959 1775 γενέσθαι
1004 1708 1192 1770 βελτίω,
1234 1713 1373 1758 τοῦτο
1418 1705 1509 1774 χρὴ
1547 1705 1787 1773 πράττειν·

263 1799 301 1846 εἰ
336 1794 385 1845 δὲ
416 1795 556 1862 χείρω
591 1793 675 1858 μὲν
707 1792 906 1855 ἅπαντα,
934 1792 1126 1853 βέλτιον
1153 1792 1190 1841 δ’
1221 1790 1352 1841 οὐδὲν
1379 1791 1427 1841 ἐκ
1455 1789 1623 1841 τούτου
1649 1790 1787 1857 γενή-

263 1902 412 1942 σεται,
449 1879 496 1930 τί
531 1881 611 1941 δεῖ,
646 1876 764 1944 πρὸς
802 1876 855 1928 τὸ
896 1875 1200 1945 φαυλότατον
1239 1876 1392 1926 ἐλθεῖν
1427 1873 1708 1937 Ζἐάσαντας,
1741 1876 1791 1926 ἐκ

263 1965 480 2018 πλείονος
529 1962 558 2028 ἢ
612 1969 694 2014 νῦν
745 1965 821 2014 καὶ
872 1969 891 1988 ³
910 1961 1245 2029 χαλεπωτέρου
1305 1960 1472 2027 σώζειν
1521 1965 1790 2027 πειρᾶσθαι,

265 2048 373 2117 ἐξὸν
407 2050 456 2099 ἐκ
495 2052 589 2098 τῶν
627 2046 874 2114 παρόντων
913 2046 980 2097 ἔτι
1018 2047 1092 2096 καὶ
1134 2051 1216 2096 νῦν
1250 2045 1681 2111 ἐπανορθώσασθαι
1715 2046 1913 2102 καὶ1447

266 2137 556 2199 προαγαγεῖν
594 2133 666 2183 ε’πῖ
710 2130 764 2182 τὸ
803 2131 1029 2193 βέλτιον,
1086 2129 1141 2180 τὸ
1185 2128 1272 2194 μὲν
1311 2130 1392 2180 οὖν
1431 2130 1633 2195 ὀργίλως
1676 2130 1793 2192 ὑμᾶς

269 2214 389 2282 ε”χειν
424 2213 541 2268 εἰκός
575 2216 678 2265 ἐστι
716 2220 863 2265 ταῦτα
902 2212 1196 2280 πάσχοντας·
1239 2211 1294 2263 τὸ
1327 2211 1375 2262 δὲ
1405 2211 1470 2276 μὴ
1498 2216 1592 2264 τοῖς
1619 2211 1792 2272 αἰτίοις,

269 2297 401 2348 ἀλλὰ
438 2303 588 2349 πᾶσιν
627 2298 797 2367 ἐφεξῆς
837 2297 1120 2364 ὀργίζεσθαι,
1160 2302 1299 2346 τοῦτο
1341 2296 1491 2346 οὐκέτι
1537 2294 1657 2349 εἰκὸς
1696 2295 1823 2346 οὐδ’5

270 2382 420 2448 ὀρθῶς
446 2382 552 2449 ε”χον
579 2382 721 2433 ἐστίν.
775 2385 818 2432 οὶ
843 2380 937 2447 γὰρ
963 2380 1161 2444 μηδενὸς
1188 2379 1273 2444 μὲν
1299 2379 1435 2430 α’ίτιοι
1465 2383 1559 2430 τῶν
1584 2386 1794 2446 παρελη-

270 2465 499 2527 λυθότων,
531 2464 590 2516 τὰ
627 2464 674 2515 δὲ
710 2464 857 2516 λοιπὰ
893 2469 994 2518 πῶς
1032 2464 1166 2514 ἔσται
1200 2464 1377 2525 βελτίω
1415 2463 1572 2529 λε’γειν
1611 2463 1794 2530 ἔχοντες

269 2549 421 2616 χάριν,
462 2550 544 2599 οὐκ
583 2549 833 2616 ἀπέχθειαν
872 2549 1134 2612 κομίσαιντ’
1176 2546 1235 2598 ἂν
1273 2549 1457 2602 δικαίως
1495 2549 1605 2614 παρ’
1645 2549 1790 2612 ὑμῶν·

321 2728 335 2746 Γ
351 2720 590 2768 συγκρύψεται
608 2720 815 2755 Sehaeferus.
838 2719 1061 2766 συγκρύψητε
1078 2720 1170 2756 libri.
1193 2719 1439 2767 συγκρύψηται
1450 2719 1612 2754 VVolfius.
1673 2724 1687 2744 S
1702 2720 1793 2765 φρά-

274 2775 329 2822 ζῃ]
354 2773 518 2821 φροντίζῃ
535 2788 568 2810 v,
627 2773 641 2800 t
661 2772 898 2817 Μυτιληναίων
920 2774 1007 2813 RQ.
1026 2779 1061 2808 ct
1081 2787 1132 2820 pr.
1147 2775 1190 2809 Y.
1221 2773 1447 2819 μιτυληναίων
1466 2774 1585 2819 vulgo,
1645 2778 1666 2797 Π
1685 2787 1795 2818 προσ·-

274 2828 379 2874 ἡκειν]
403 2830 553 2875 προσῆκε
575 2840 607 2863 v,
700 2834 715 2849 Χ
735 2827 813 2873 μὲν]
837 2828 898 2870 μὲν
918 2826 976 2860 οὖν
998 2828 1034 2862 S.
1058 2829 1118 2862 sed
1138 2826 1197 2861 οὖν
1217 2828 1357 2873 punctis
1375 2832 1498 2861 notato
1519 2839 1539 2861 a
1558 2839 1618 2867 m„
1640 2831 1679 2860 ut
1700 2826 1795 2860 vide-

274 2887 342 2920 tur,
361 2882 481 2927 prima.
549 2887 567 2914 Y
586 2879 737 2926 ῥᾳδίους]
762 2879 897 2926 ραιδίως
919 2880 1038 2919 S.Q.v.
1108 2886 1124 2905 Ζ
1145 2881 1309 2916 ἐάσαντας
1329 2882 1364 2915 ἐκ
1382 2879 1559 2925 πλείονος]
1583 2879 1618 2914 ἐκ
1639 2877 1796 2914 πλείονος

275 2935 436 2969 ἐάσαντες
455 2948 485 2969 v.
580 2940 599 2959 a
618 2934 876 2980 χαλεπωτέρου]
902 2933 1163 2979 χαλεπωτέρους
1186 2934 1308 2973 B.Q.V.
