2009 3286
271 176 383 219 1460
802 177 1274 233 [ΔΗΜΟΣΘΕΝΟΎΣ]
1648 193 1687 233 p.
1710 177 1828 232 1436,
1845 191 1921 215 8-—

269 312 384 359 χειν·
429 295 511 356 τῆς
538 292 587 343 δὲ
614 293 758 361 τύχης
783 297 1149 359 προσυποσχεῖν
1175 292 1224 343 ἕν
1249 315 1295 343 τι
1330 296 1425 343 τῶν
1451 291 1709 343 ἀδυνάτων.
1761 295 1799 342 εἰ

268 376 353 440 μὲν
381 378 461 427 οὖν
487 378 767 444 “εὑρημε’νον
794 377 851 442 ἧν
877 382 977 431 πῶς
1005 377 1063 428 ἄν
1087 400 1155 430 τις
1183 379 1423 445 ἀσφαλῶς
1450 376 1559 426 ἄνευ
1586 374 1798 426 κινδύνου

269 462 608 527 Χδημηγοροίη,
636 462 780 525 μανία
806 461 1151 527 Ῡπαραλείπειν
1186 466 1353 511 τοῦτον
1391 458 1448 524 ἦν
1482 459 1565 510 τὸν
1599 457 1792 524 τρόπον·
1813 476 1851 498 10

269 545 366 595 ἐπεὶ
409 545 446 595 δ’
491 544 702 611 Ζοἰνοῖγκη
748 544 857 595 ἢτὸν
897 548 1002 611 περὶ
1054 549 1149 595 τῶν
1189 544 1466 607 μελλόντων
1505 541 1800 610 πραγμάτων

269 628 462 694 γνώμην
489 628 869 697 ἀποφαινόμενον
904 633 1137 679 κοινωνεῖν
1176 632 1272 681 τοῖς
1311 628 1389 678 ἀπ’
1419 628 1573 677 αὐτῶν
1607 626 1798 691 γενομέ-

270 736 364 766 νοις
403 715 478 763 καὶ
503 713 711 779 μετέχειν
738 715 819 776 τῆς
851 712 945 763 ἀπὸ
971 711 1150 762 τούτων
1177 713 1338 773 αἰτίας,
1366 710 1569 778 αἰσχρὸν
1595 711 1797 776 ἡγοῦμαι

269 797 422 862 λέγειν
449 797 533 859 μὲν
553 800 615 851 ὡς
642 798 812 858 εὔνους,
834 795 899 860 μὴ
928 795 1171 859 ὑπομένειν
1193 796 1254 857 δὲ,
1276 795 1317 846 εἴ
1339 818 1408 848 τις
1434 796 1483 845 ἐκ
1508 793 1675 844 τούτου
1702 794 1796 844 κίν-

269 883 404 934 δυνος
442 881 593 931 ἔσται.
650 883 845 948 εὔχομαι
873 880 921 930 δὲ
949 885 1045 933 τοῖς
1073 885 1207 943 θεοῖς,
1234 879 1265 930 ἃ
1290 881 1365 930 καὶ
1400 884 1458 947 τῇ
1496 879 1635 930 πόλει
1671 877 1688 905 ¹³
1705 881 1789 929 κά·
1812 904 1845 935 ¹5

267 967 345 1028 μοὶ
376 965 637 1032 συμφέρειν
661 964 848 1028 μέλλει,
876 965 1003 1015 ταῦτ’
1032 965 1138 1028 ε’μοί
1158 987 1207 1015 τε
1241 968 1383 1016 εἰπεῖν
1409 966 1563 1014 ἐλθεῖν
1588 964 1662 1014 ε’πῖ
1689 968 1799 1013 νοῦν

268 1051 343 1099 καὶ
380 1051 485 1112 ὑμῖν
512 1049 724 1099 ἑλέσθαι.
781 1049 835 1099 τὸ
863 1048 956 1115 γὰρ
993 1047 1150 1100 πάντα
1186 1046 1363 1114 τρόπον
1397 1047 1546 1114 ζητεῖν
1572 1049 1798 1110 Ονικῆσαι,

269 1136 396 1184 δυοῖν
435 1132 646 1199 θάτερον,
685 1131 715 1197 ὴ
758 1134 926 1197 μανίας
965 1131 994 1197 ἢ
1041 1132 1230 1199 κέρδους
1275 1133 1406 1183 ἕνεκα
1451 1131 1798 1184 ἐσπουδακότος

270 1216 473 1286 φήσαιμ’
503 1216 559 1267 ἂν
586 1215 712 1268 εἶναι.

971 1298 1091 1354 “Ks‘.

346 1397 435 1461 Ε’ίη
462 1397 559 1460 μὲν,
586 1394 622 1446 ὦ
650 1396 813 1462 ἄνδρες
842 1396 1099 1459 Ἀθηναῖοι,
1127 1398 1203 1446 καὶ
1237 1397 1342 1462 περὶ
1376 1393 1441 1445 ὧν
1478 1399 1576 1446 νυνὶ
1611 1394 1790 1462 τυγχά-
1808 1421 1848 1443 20

271 1503 370 1532 νετε
407 1479 790 1545 ἐκκλησιάζοντες
825 1481 899 1530 καὶ
931 1481 1037 1545 περὶ
1063 1483 1157 1530 τῶν
1184 1481 1351 1530 ἄλλων
1377 1478 1599 1530 ἁπάντων
1626 1478 1797 1529 θταύτά

271 1567 344 1616 καὶ
373 1568 600 1615 δοκοῦντα
625 1564 843 1626 βέλτισθ’
873 1565 979 1627 ὑμῖν
1006 1562 1120 1614 εἶναι
1147 1567 1224 1615 καὶ
1250 1564 1345 1615 ὄνθ’
1379 1567 1441 1617 ὡς
1468 1565 1674 1628 άληθῶς.
1732 1566 1803 1614 δεῖ

268 1647 426 1711 μέντοι
463 1650 569 1714 περὶ
603 1647 899 1713 πραγμάτων
923 1646 1147 1712 μεγάλων
1179 1646 1565 1712 ἷβουλευομένους
1603 1655 1624 1683 g
1635 1652 1798 1702 κοινῶς

269 1731 492 1784 ἁπάντων
518 1733 694 1783 ἐθέλειν
719 1730 900 1782 ἀκούειν
926 1735 1021 1782 τῶν
1042 1732 1482 1794 συμβουλευόντων,
1504 1733 1565 1785 ὡς
1592 1733 1692 1793 ἐμοὶ
1718 1733 1796 1782 δο-
1809 1756 1848 1788 25

269 1822 350 1879 κεῖ,
382 1815 749 1880 ἐνθυμουμένους
789 1815 859 1866 ὅτι
887 1814 1090 1882 αἰσχρόν
1116 1819 1261 1879 ἐστιν,
1290 1814 1326 1866 ὦ
1352 1817 1516 1882 ἄνδρες
1539 1816 1797 1880 Ἀθηναῖοι,

271 1907 353 1951 νῦν
379 1900 464 1964 μὲν
490 1899 796 1964 βουλομένων
832 1922 877 1950 τι
911 1905 1153 1965 παραινεῖν
1179 1901 1310 1951 ἐνίων
1338 1904 1568 1966 θορυβεῖν,
1598 1901 1797 1965 ὕστερον

1299 1983 1316 2011 h

269 1985 317 2035 δὲ
352 1983 742 2050 κατηγορούντων
777 1988 871 2034 τῶν
905 1984 1058 2033 αὐτῶν
1092 1982 1271 2034 τούτων
1328 1988 1422 2033 τῶν
1454 1982 1797 2049 πεπραγμένων

267 2070 411 2133 ἡδέως
438 2069 635 2119 ἀκούειν.
695 2067 786 2133 ἐγὼ
812 2066 906 2133 γὰρ
933 2064 1049 2130 οῖδα,
1076 2068 1244 2134 νομίζω
1272 2066 1320 2118 δὲ
1347 2069 1422 2118 καὶ
1450 2069 1580 2131 ὑμᾶς,
1608 2067 1678 2118 ὅτι
1715 2073 1796 2118 νῦν
1817 2091 1918 2134 1437

269 2154 354 2218 μὲν
381 2154 640 2219 ἀρέσκουσι
665 2151 863 2215 μάλισθ’
893 2154 1000 2214 ὑμῖν
1026 2155 1068 2202 οὶ
1095 2158 1242 2202 ταῦτα
1269 2150 1361 2202 io'foc
1381 2153 1506 2214 ὑμεῖς
1532 2150 1796 2212 1ἐβούλεσθε

273 2241 510 2304 λέγοντες·
553 2236 611 2287 ἂν
639 2237 694 2286 δέ
713 2260 757 2287 τι
778 2240 945 2303 συμβῇ
964 2237 1073 2302 παρ’
1097 2234 1127 2285 ἃ
1147 2242 1228 2286 νῦν
1248 2235 1416 2296 οἴεσθε,
1439 2234 1463 2286 ὃ
1483 2234 1547 2299 μὴ
1568 2238 1797 2300 συμβαίη,

269 2322 462 2374 τούτους
500 2320 584 2384 μὲν
622 2319 960 2388 ἐξηπατηκέναι
1001 2324 1193 2382 νομιεῖτε
1237 2321 1368 2381 ὑμᾶς,
1409 2316 1474 2368 ὧν
1515 2319 1562 2369 δὲ
1599 2325 1681 2369 νῦν
1712 2321 1794 2369 οὐκ

286 2406 296 2420 )
343 2405 356 2421 Ι
569 2403 579 2418 Ι
662 2405 671 2419 )
753 2408 772 2417 Α
871 2403 879 2415 l
1100 2403 1111 2418 Ι
1274 2402 1295 2419 'l
1433 2402 1442 2419 Ν
1522 2407 1539 2415 *³
1633 2402 1645 2415 Ι

269 2408 508 2472 ανεχεσθε,
526 2427 630 2454 τοτε
651 2408 801 2468 ορθως
828 2403 1023 2471 δοξουσι
1050 2409 1220 2467 λεγειν.
1265 2425 1366 2452 εστι
1396 2405 1442 2453 δε
1463 2424 1558 2455 τοις
1578 2411 1793 2465 μαλιστα
1807 2427 1822 2457 5

326 2630 343 2648 ¹¹
369 2621 568 2668 εὑρημένον]
594 2621 767 2666 εἰρημένον
786 2621 830 2654 Y.
945 2627 960 2642 x
989 2618 1213 2665 δημηγοροίη]
1239 2620 1442 2664 δημηγορεῖν
1461 2633 1515 2664 γρ.
1537 2618 1581 2657 Q.
1694 2623 1711 2650 y
1732 2632 1796 2651 πα-

269 2675 460 2721 ραλείπειν]
482 2676 686 2720 παραλιπεῖν
707 2674 751 2707 O.
837 2679 854 2698 Ζ
875 2673 998 2719 ἀνάγκη
1020 2673 1096 2719 τὸν]
1121 2672 1264 2719 αγαπητ’
1285 2688 1324 2706 αν
1344 2685 1397 2718 pr.
1423 2672 1457 2706 S.
1546 2677 1564 2696 a
1583 2672 1641 2704 τὸν
1661 2683 1731 2705 om.
1751 2670 1795 2704 Ο.

270 2725 290 2753 b
311 2729 427 2775 κάμοὶ]
453 2743 563 2773 καιμοι
587 2727 676 2765 S.Q.
728 2727 952 2760 Scribebatur
981 2727 1033 2759 καὶ
1054 2727 1140 2770 ἐμοί.
1291 2731 1307 2750 ⁰
1336 2724 1795 2770 νικῆσαι-ἐσπουδακότος]

269 2781 714 2825 κινῆσαι-ἐσπουδακότας
733 2793 764 2813 v.
901 2776 918 2803 d
938 2779 1007 2825 Κς]
1034 2786 1061 2812 Λ
1084 2781 1118 2813 S.
1249 2785 1265 2804 θ
1284 2777 1514 2812 ταύτὰ-ὄνθ’
1536 2778 1578 2812 ὡς
1601 2778 1795 2810 Bekkel'us.

270 2834 537 2869 ταῦτα-ὅντως
556 2834 647 2868 libri.
732 2830 746 2857 f
762 2833 1050 2878 βουλευομένους]
1075 2834 1308 2875 βουλομένους
1329 2832 1372 2865 0.
1462 2837 1482 2864 g
1503 2834 1618 2865 κοινῶς
1634 2830 1794 2864 Wolfius.

271 2888 472 2933 Legebatur
501 2889 551 2921 καὶ
573 2890 700 2922 κοινῶς.
812 2883 830 2910 ¹¹
861 2889 928 2919 τῶν
958 2886 1091 2919 addidit
1115 2887 1276 2919 VVolfius.
1389 2882 1398 2909 i
1424 2882 1495 2928 οἶα]
1526 2881 1575 2919 οἷς
1601 2883 1658 2922 Q.‚
1689 2888 1794 2923 recte,

271 2941 299 2974 si
330 2942 436 2975 ταύτὰ
470 2941 641 2975 scribatur
667 2952 747 2974 cum
776 2939 965 2974 Schaefero.
1011 2939 1145 2973 Contra
1174 2944 1311 2973 servato
1343 2935 1395 2971 οἷα
1414 2937 1533 2971 malim
1561 2938 1699 2970 τοιαῦτα
1726 2933 1791 2969 οἷα.

271 2990 288 3017 ¹<
307 2993 500 3040 βούλεσθε]
524 2992 735 3034 βουλεύεσθε
756 3005 787 3027 v.
811 2998 846 3026 et
866 3007 920 3038 γρ.
943 2992 1033 3031 Y..Q
