2009 3286
101 199 284 254 —1465‚
304 216 357 240 91.
750 202 1033 241 ΕΠΙΣΤΟΛΗ
1068 203 1112 239 Α.
1641 198 1752 241 1489

229 319 364 368 οὗτος
402 312 556 382 φόβος
594 312 700 367 τοὺς
734 313 1006 369 συνειδότας
1042 315 1211 375 αὐτοῖς,
1251 314 1314 367 ὡς
1348 312 1617 378 ἀναγκαίοις
1657 316 1751 365 τοῖς
1766 337 1805 357 20

229 398 564 461 συνεστηκόσι,
590 405 606 424 ¹'
624 400 837 450 κίνδυνον
862 399 1026 466 ε”χουσι
1052 397 1296 465 πρόδηλον
1333 395 1604 463 προθύμους
1630 418 1748 446 συν-

230 481 500 547 αγωνιστὰς
537 487 671 534 ποιεῖ·
715 482 966 552 ἀφεθέντες
1004 481 1052 533 δὲ
1091 486 1174 532 τοῦ
1215 480 1345 534 δέους
1380 480 1547 531 τούτου
1583 477 1755 532 πάντες

231 566 479 631 ἠπιώτεροι
522 565 822 631 γενήσονται.
875 572 1014 618 τοῦτο
1066 564 1115 616 δὲ
1166 566 1219 616 οὐ
1270 571 1284 591 ³
1302 564 1475 631 μικρὰν
1520 561 1789 632 ὠφε’λειαν’

231 650 339 717 ἔχει.
394 649 514 701 κατὰ
551 649 636 714 μὲν
675 649 732 715 δὴ
770 651 933 704 πόλεις
971 649 1031 701 τὰ
1064 654 1258 700 τοιαῦτα
1295 649 1452 714 εὔηθες
1490 647 1755 714 προλέγειν,

230 740 422 799 μᾶλλον
458 737 495 787 δ’
525 737 618 786 οὐδ’
655 737 704 787 ἐν
738 738 936 805 δυνατῷ·
977 738 1040 789 ὡς
1079 735 1115 786 δ’
1155 731 1213 785 ἂν
1245 734 1351 797 ὑμῖν
1385 733 1540 786 αὐτοῖς
1579 733 1809 800 ὀφθῆτε25

233 820 478 887 χρώμενοι,
504 820 723 884 τοιαύτην
749 822 825 871 καὶ
861 819 980 871 κατὰ
1005 824 1100 870 τῶν
1135 818 1303 869 ἄλλων
1340 816 1635 883 προσδοκίαν
1659 838 1753 866 πα-

200 903 503 971 8ραστήσετε
543 904 776 958 ἑκάστοις.
832 906 953 972 φημὶ
995 902 1065 954 ἴδὲ
1105 905 1303 970 “χρῆναι
1345 900 1462 964 μήτε
1501 903 1760 968 στρατηγῷ

235 988 352 1054 μήτε
387 987 549 1056 ῥήτορι
583 987 687 1052 μήτ’
719 988 876 1056 ἰδιώτῃ
904 989 1065 1052 μηδενὶ
1104 991 1199 1037 τῶν
1232 986 1291 1037 τὰ
1316 984 1410 1052 πρὸ
1444 991 1527 1036 τοῦ
1562 992 1644 1050 Χγε
1676 987 1755 1035 δο-

236 1073 442 1125 κούντων
470 1074 828 1138 συνηγωνίσθαι
863 1077 959 1126 τοῖς
998 1069 1318 1136 καθεστηκόσι
1345 1069 1461 1133 μήτε
1489 1069 1762 1137 μέμφεσθαι
1780 1079 1885 1132 1465

235 1157 340 1222 μήτ’
369 1159 584 1221 ἐπιτιμᾶν
610 1156 786 1222 μηδένα
811 1155 955 1221 μηδὲν
981 1156 1119 1218 ὅλως,
1147 1154 1278 1206 ἀλλὰ
1298 1156 1614 1221 συγχωρῆσαι
1641 1158 1762 1204 πᾶσι

235 1247 333 1296 τοῖς
367 1244 415 1293 ἐν
447 1246 505 1309 τῇ
543 1240 682 1293 πόλει
719 1244 1092 1292 πεπολιτεῦσθαι
1130 1240 1190 1290 τὰ
1228 1239 1405 1301 δέοντα,
1443 1237 1688 1304 ἐπειδήπερ
1723 1240 1764 1288 οἱ

238 1329 346 1389 θεοῖ,
375 1331 533 1380 καλῶς
567 1331 821 1388 ποιοῦντες,
848 1325 1096 1379 σώσαντες
1125 1324 1211 1388 τὴν
1236 1323 1380 1375 πόλιν
1407 1322 1764 1374 ἀποδεδώκασιν

239 1414 345 1476 ὑμῖν
371 1412 396 1462 ὅ
422 1435 467 1462 τι
498 1410 555 1461 ἂν
581 1410 830 1475 βούλησθε
869 1411 926 1479 ἐξ
952 1412 1099 1477 ἀρχῆς
1124 1407 1501 1470 βουλεύσασθαι,
1528 1409 1603 1457 καὶ
1638 1406 1794 1470 νομί-5

240 1497 343 1563 ζειν,
369 1495 533 1562 ὥσπερ
571 1493 629 1546 ἀν
664 1497 711 1546 ἐν
745 1496 899 1565 πλοίῳ
938 1499 1033 1546 τῶν
1069 1492 1154 1557 μὲν
1192 1494 1340 1563 ἱστίῳ,
1365 1497 1488 1543 Ῡτῶν
1515 1491 1562 1542 δὲ
1589 1492 1767 1545 κώπαις

242 1580 633 1649 ἀποφαινομένων
672 1580 958 1647 κομίζεσθαι,
992 1579 1222 1644 λέγεσθαι
1260 1577 1344 1641 μὲν
1383 1578 1456 1628 ὑπ’
1486 1576 1769 1645 ἀμφοτέρων

243 1664 431 1717 ἅπαντα
462 1666 537 1716 ἐπὶ
568 1666 796 1734 σωτηρία,
828 1667 1114 1731 γεγενῆσθαι
1150 1661 1198 1713 δὲ
1235 1661 1321 1726 τὴν
1360 1662 1519 1729 χρείαν
1553 1660 1672 1727 πρὸς
1710 1659 1770 1710 τὰ

207 1749 502 1813 9συμβάντα
547 1748 640 1801 ἀπὸ
679 1755 773 1800 τῶν
816 1754 946 1800 θεῶν.
1001 1748 1081 1799 ἐὰν
1121 1753 1290 1799 τοῦτον
1334 1745 1416 1797 τὸν
1451 1745 1628 1813 τρόπον
1665 1747 1770 1812 περὶ
1786 1775 1824 1797 10

245 1838 339 1885 τῶν
366 1833 769 1899 παρεληλυθότων
795 1832 1046 1900 ἐγνωκότες·
1077 1831 1172 1896 ἦτε,
1200 1833 1276 1882 καὶ
1301 1833 1465 1881 πιστοὶ
1490 1835 1611 1881 πᾶσι
1636 1830 1772 1896 γενή-

246 1921 410 1979 σεσθε,
437 1919 512 1967 καὶ
545 1922 704 1968 καλῶν
741 1920 815 1968 καὶ
849 1920 1042 1983 ἀγαθῶν
1077 1918 1261 1980 ἀνδρῶν
1296 1915 1411 1980 ἔργα
1450 1913 1667 1982 πράξετε,
1695 1915 1771 1964 καὶ

246 2001 306 2052 τὰ
351 2001 610 2067 πράγματα
652 2001 927 2069 ὠφελήσετε
969 2002 1022 2051 οὐ
1055 1999 1235 2066 Ζμικροὶ,
1282 2002 1357 2049 καὶ
1399 1997 1505 2052 τοὺς
1549 2000 1767 2048 ἐναντιω-

249 2086 413 2139 θέντας
438 2087 486 2136 ἐν
512 2091 612 2138 ταῖς
647 2083 851 2136 πόλεσιν
878 2084 906 2149 ὴ
934 2088 1226 2149 μεταγνῶναι
1264 2083 1485 2147 ποιήσετε
1523 2082 1716 2144 πάντας,
1743 2081 1772 2146 ἦ

250 2172 417 2237 κομιδῇ
445 2168 601 2222 ἱίτινοὶς
623 2168 790 2223 αὐτοὺς
828 2168 934 2223 τοὺς
965 2170 1136 2222 αἰτίους
1176 2171 1564 2237 καταλειφθῆναι.
1619 2190 1766 2233 μεγα-
1790 2194 1824 2225 ¹5

251 2253 483 2321 λοψύχως
509 2254 663 2303 τοίνυν
684 2256 759 2303 καί
785 2258 1039 2307 πολιτικῶς
1056 2252 1115 2304 τὰ
1141 2257 1271 2320 κοινῇ
1291 2253 1600 2320 συμφέροντα
1624 2251 1774 2318 πράτ-

190 2361 367 2398 1οτετε,
394 2341 469 2387 καὶ
496 2341 590 2387 τῶν
618 2339 745 2388 ἰδίων
770 2338 1029 2402 μέμνησθε.
1083 2340 1348 2403 παρακαλῶ
1376 2337 1413 2387 δ’
1442 2341 1505 2389 εἰς
1542 2341 1690 2386 ταῦτα
1722 2336 1775 2386 οὐ

252 2421 407 2488 τυχὼν
434 2420 571 2475 αὐτὸς
597 2419 705 2485 1)τῆς
730 2421 944 2485 τοιαύτης
965 2420 1326 2489 φιλανθρωπίας
1351 2421 1459 2486 παρ’
1481 2420 1625 2482 ἐνίων,
1643 2418 1774 2469 ἀλλὰ

252 2507 419 2558 ἀδίκως
451 2507 527 2555 καὶ
554 2509 913 2558 στασιαστικῶς
940 2509 1000 2558 εἰς
1032 2504 1118 2568 τὴν
1144 2504 1312 2570 ἑτέρων
1336 2503 1474 2571 χάριν
1499 2504 1768 2570 προποθείς.
1787 2530 1828 2550 20

253 2591 363 2640 ἀλλ’
394 2591 520 2640 “”ὀὕτε
546 2589 631 2653 τὴν
658 2591 777 2640 ἰδίαν
804 2589 951 2656 ὀργὴν
978 2591 1267 2654 ἀναπληρῶν
1292 2587 1345 2639 τὸ
1373 2591 1501 2655 κοινῇ
1527 2587 1775 2655 συμφερον

309 2765 323 2783 ¹*
343 2758 511 2804 κίνδυνον]
535 2760 587 2792 καὶ
607 2759 758 2792 κίνδυνον
778 2758 862 2797 8ης)
961 2766 973 2783 ⁵
994 2759 1114 2803 μικρὰν
1136 2757 1266 2796 BmSQ
1298 2757 1444 2801 σμικρὰν
1464 2757 1583 2801 vulgo,
1683 2754 1696 2780 t
1716 2756 1770 2801 δέ]

255 2813 294 2855 δὴ
317 2812 526 2846 Schaeferus.
638 2817 658 2835 ¹¹
679 2813 798 2857 χρῆναι
817 2812 1003 2857 Sauppius.
1037 2812 1236 2857 Legebatur
1251 2812 1372 2855 χρῆναι
1391 2809 1474 2853 μήτε
1494 2811 1606 2849 πόλει,
1625 2810 1719 2854 quod
1739 2810 1775 2842 in

255 2867 376 2910 χρῆναι
392 2864 466 2909 μηδ’
489 2865 523 2898 ἐν
543 2867 582 2907 τῇ
602 2867 702 2898 πόλει
724 2865 849 2898 mutari
870 2866 1027 2899 voluerat
1049 2864 1259 2898 Schaeferus.
1354 2869 1372 2887 Χ
1393 2863 1449 2909 γε]
1476 2863 1511 2895 δέ
1532 2862 1576 2900 Q.
1671 2868 1688 2895 Υ
1708 2865 1776 2896 τῶν

256 2919 309 2965 δέ]
336 2921 382 2965 τῷ
401 2919 435 2952 δέ
459 2918 620 2956 B.S.Q.t.
717 2925 732 2943 7,
752 2919 853 2963 μικρὰ
875 2918 1004 2957 B.S.Q.
1032 2919 1232 2963 Legebatur
1252 2920 1389 2962 μικρῶς.
1485 2921 1503 2940 ῑῑ
1523 2929 1614 2950 τινας
1635 2927 1704 2949 om.
1727 2916 1773 2953 Q.

256 2971 394 3018 ὀλίγους
421 2972 513 3006 τινὰς
539 2971 712 3005 Reiskius.
856 2968 875 2995 b
905 2973 963 3015 τῆς
983 2972 1141 3005 additum
1163 2970 1292 3008 B.S.Q.
1437 2974 1451 2993 0
1481 2970 1557 3002 οὔτε
1580 2969 1774 3003 Bekkcrus.

257 3025 333 3059 οὐδὲ
354 3025 443 3058 libri.
