2009 3286
196 225 198 227 .
256 192 367 232 1180
770 194 1235 249 [ΔΗΜΟΣΘΕΝΟΎΣ]
1296 196 1378 235 OR.
1403 195 1600 236 XLVII.
1624 211 1663 250 p.
1689 209 1809 249 1154,
1826 211 1902 235 2—-

251 311 337 367 λει,
359 305 491 356 ἀλλὰ
517 309 592 357 καὶ
618 307 763 358 ἄλλοι
790 312 885 358 τῶν
904 307 1201 375 τριηράρχων
1226 309 1405 374 ἑτέρους
1433 309 1775 378 εἰσεπράξαντο

250 388 328 442 οὓς
353 388 643 455 παρέλαβον,
670 390 912 456 ἀνάγνωθί
933 414 1012 454 μοι
1038 392 1191 442 αὐτῶν
1217 390 1300 445 τὰς
1327 393 1599 457 μαρτυρίας.

847 492 1174 532 ΜΑΡΤΥΡΙΑΙ.

180 569 234 609 62
324 564 567 627 Βούλομαι
610 565 778 624 τοίνυν,
819 561 855 614 ὦ
898 565 1062 630 ἄνδρες
1101 565 1334 626 δικασταὶ,
1374 568 1449 614 καὶ
1488 562 1519 614 ἂ
1555 564 1796 616 πέπονθα5

248 648 322 697 ὑπ’
352 647 518 709 αὐτῶν,
550 647 875 712 διηγήσασθαι
916 649 1035 711 ὑμῖν.
1094 646 1248 711 ἐπειδὴ
1283 646 1376 713 γὰρ
1412 644 1581 716 ὦφλον
1616 649 1770 701 αὐτοῖς

245 729 331 793 τὴν
364 730 496 794 δίκην
527 731 599 798 ἐφ’
630 728 659 797 ᾗ
691 730 797 783 τοὺς
835 729 1074 797 μάρτυρας
1112 730 1303 785 τούτους
1339 731 1489 782 διώκω
1524 730 1582 781 τὰ
1617 734 1769 798 ψευδῆ

243 812 673 879 μεμαρτυρηκότας,
699 814 987 879 προσελθὼν
1013 818 1079 882 τῷ
1106 813 1348 883 Θεοφήμῳ
1381 813 1656 878 μελλούσης
1691 837 1770 876 μοι

244 896 333 960 ἤδη
361 897 541 965 ἐξήκειν
573 900 655 960 τῆς
691 899 996 963 ὑπερημερίας
1030 897 1220 961 ἐδεήθην
1249 897 1411 948 ίαὐτοῦ
1445 900 1655 964 ἐπισχεῖν
1687 921 1767 960 μοι

175 985 226 1039 63
242 981 408 1045 ὀλίγον
433 978 618 1048 χρόνον,
646 980 801 1045 λέγων
827 980 910 1034 τὰς
936 982 1172 1081 ἀληθείας,
1201 980 1271 1031 ὅτι
1302 981 1650 1047 πεπορισμένου
1683 987 1765 1032 τοῦ
1782 1001 1819 1022 10

241 1064 465 1164 ἀργυρίου
491 1062 516 1114 ὃ
542 1063 756 1127 ἠμελλον
776 1065 901 1133 αὐτῷ
928 1065 1118 1115 ἐκτίνειν
1140 1064 1423 1129 συμβεβηκέ
1442 1088 1521 1128 μοι
1549 1088 1768 1132 τριηραρ-

239 1147 333 1213 χία,
370 1170 446 1198 και
482 1147 803 1199 ἀποστελλειν
840 1147 916 1198 δια
953 1147 1124 1215 τάχους
1160 1152 1265 1199 ἕδεῖ
1297 1147 1382 1212 τὴν
1416 1147 1595 1214 τριήρη,
1631 1172 1707 1198 και
1743 1149 1767 1198 ὁ

463 1230 477 1246 X

239 1254 510 1296 στρατηγος
557 1229 943 1298 11Ἀλκιίμαχος
961 1234 1086 1300 αὐτῷ
1137 1231 1572 1298 παρασκευάζεινΚ
1590 1232 1765 1282 κελεύει

241 1313 436 1379 1ταύτην
467 1313 553 1379 τὴν
593 1321 722 1365 ναῦν·
766 1314 819 1365 τὸ
857 1316 937 1366 οὖν
971 1316 1195 1383 ἀργύριον
1229 1316 1282 1366 τὸ
1315 1316 1663 1381 πεπορισμένον
1698 1321 1813 1386 τῲῐε

239 1397 482 1467 Θεοφήμῳ
519 1400 775 1449 ἀποδοῦναι
812 1400 1012 1450 ἐνταῦθα
1050 1400 1433 1467 κατεχρησάμην.
1493 1399 1686 1464 ἐδεόμην
1724 1401 1761 1449 δ’

237 1483 379 1533 αὐτοῦ
406 1483 735 1543 ἀναβαλέσθαι
761 1483 846 1546 τὴν
868 1485 1192 1550 ὑπερημερίαν,
1215 1485 1297 1537 ἕως
1325 1484 1382 1534 ἂν
1402 1484 1486 1548 τὴν
1513 1491 1626 1535 ναῦν
1647 1487 1764 1535 ἀπο-

236 1566 430 1616 στείλω.
488 1567 512 1616 ὁ
548 1566 597 1616 δὲ
629 1568 798 1635 ῥᾳδίως
837 1590 915 1629 μοι
955 1570 1031 1618 καὶ
1066 1567 1248 1621 ἀκάκως
1282 1569 1590 1634 ἀποκρίνεται·
1631 1567 1765 1618 οὐδὲν

236 1649 418 1713 κωλύει,
458 1651 565 1720 ἔφη·
613 1653 722 1701 ἀλλ’
762 1651 947 1702 ἐπειδὰν
985 1651 1070 1716 τὴν
1111 1658 1224 1702 ναῦν
1262 1653 1568 1720 ἀποστείλῃς,
1605 1651 1762 1718 πόριζε

169 1737 310 1797 64καὶ
358 1736 472 1799 ἐμοί.
540 1736 911 1802 ἀποκριναμένου
957 1736 1011 1786 δέ
1056 1759 1133 1798 μοι
1181 1742 1328 1787 ταῦτα
1375 1742 1457 1786 τοῦ
1504 1737 1815 1805 Θεοφήμουπο

234 1821 310 1869 καὶ
349 1820 756 1883 ωάναβαλομένου
801 1820 886 1884 τὴν
934 1821 1255 1887 ὑπερημερίαν,
1295 1824 1369 1871 καὶ
1411 1819 1629 1883 μάλιστά
1672 1844 1763 1883 μου

233 1904 579 1958 πιστεύσαντος
615 1910 673 1972 τῇ
713 1929 761 1956 τε
801 1906 1056 1973 ἐπισκήψει
1096 1910 1190 1955 τῶν
1227 1908 1646 1973 ψευδομαρτυριῶν
1686 1907 1760 1955 καὶ

232 1992 298 2057 τῷ
333 1987 398 2053 μὴ
430 1988 606 2039 ἐθέλειν
638 1988 779 2039 αὐτὸν
813 1991 1104 2055 παραδοῦναι
1136 1988 1222 2052 τὴν
1249 1989 1511 2055 ἄνθρωπον,
1540 1991 1601 2041 ὡς
1628 1988 1760 2039 οὐδὲν

231 2070 288 2121 ἀν
316 2071 677 2138 νεωτερίσαντος
703 2075 808 2139 περὶ
835 2072 974 2135 τάμὰ,
1002 2072 1094 2138 ἐγὼ
1124 2072 1208 2137 μὲν
1234 2072 1319 2136 τὴν
1344 2071 1508 2138 τριήρη
1536 2073 1754 2122 ἀποστεί-
1772 2093 1808 2123 ²5

229 2162 333 2218 λας,
365 2156 453 2206 Ποὐ
487 2162 694 2209 πολλαῖς
726 2157 917 2222 ἡμέραις
957 2158 1156 2222 ὕστερον
1192 2158 1396 2222 πορίσας
1431 2156 1485 2206 τὸ
1519 2155 1756 2222 ἀργύριον,

227 2238 514 2304 προσελθών
538 2240 664 2306 αὐτῷ
690 2239 904 2290 ἐκέλευον
930 2241 1002 2290 ἐπὶ
1034 2240 1119 2303 τὴν
1145 2239 1376 2305 τράπεζαν
1403 2242 1756 2289 ἀκολουθοῦντα

229 2322 501 2387 κομίζεσθαι
545 2321 631 2385 τὴν
676 2322 943 2386 καταδίκην.
1009 2325 1071 2375 ὡς
1117 2322 1165 2372 δὲ
1209 2323 1336 2372 ταῦτ’
1377 2324 1532 2386 ἀληθῆ
1578 2322 1754 2387 Ολέγω,

228 2406 405 2456 τούτων
432 2408 538 2470 ὑμῖν
564 2407 892 2472 ἀναγνώσεται
918 2406 1000 2460 τὰς
1026 2407 1299 2472 μαρτυρίας.

826 2506 1152 2546 ΜΑΡἸὝῬΙΑΙ.
1768 2517 1786 2544 1
1800 2517 1876 2560 155

156 2587 208 2638 65
297 2579 358 2626 ‘O
400 2577 447 2627 δὲ
487 2576 743 2644 Θεόφημος
787 2579 889 2627 ἀντὶ
935 2583 1017 2627 τοῦ
1063 2576 1148 2640 τὴν
1194 2577 1445 2639 καταδίκην
1488 2578 1751 2636 ἀπολαβεῖν

223 2659 554 2723 ἀκολουθήσας
593 2662 666 2710 ε’πῖ
706 2659 792 2723 τὴν
830 2659 1075 2725 τράπεζαν,
1112 2659 1267 2710 ἐλθών
1304 2682 1395 2722 μου
1433 2658 1491 2709 τὰ
1529 2658 1749 2725 πρόβατα

276 2791 290 2818 f
306 2794 427 2840 αὐτοῦ]
453 2795 575 2830 αὐτοὺς
597 2795 684 2833 F.Q.
763 2800 781 2827 g
803 2794 870 2840 δεῖ]
897 2795 966 2828 δεῖν
985 2807 1036 2840 pr.
1060 2795 1094 2828 S.
1171 2791 1189 2817 h
1210 2794 1398 2837 ιιλκίμαχος
1418 2794 1453 2827 S.
1476 2800 1511 2827 et
1530 2808 1584 2838 γρ.
1605 2794 1646 2827 Β.
1669 2806 1748 2827 cum

230 2848 509 2893 Harpocratione
531 2861 557 2881 s.
577 2849 611 2881 h.
634 2861 663 2881 v.
697 2847 862 2891 ’Ἄλκιμος
883 2848 998 2891 vulgo.
1158 2845 1166 2871 i
1187 2848 1276 2880 ιιιτὼ
1296 2861 1328 2879 π
1322 2849 1559 2891 ιριισκειιὶζειν
1581 2848 1615 2880 S.
1638 2854 1672 2881 et
1692 2862 1747 2892 γρ.

226 2901 315 2939 F.Q.
349 2901 536 2947 ἀνάγεσθαι
559 2902 644 2939 RQ.
777 2898 796 2924 k
817 2900 962 2946 κελεύει]
988 2900 1119 2934 κελεύοι
1142 2902 1177 2934 S.
1200 2906 1233 2933 et
1253 2915 1307 2945 γρ.
1333 2900 1374 2935 B.
1505 2897 1514 2924 Ῑ
1536 2914 1659 2944 ταυτην
1679 2912 1747 2934 om.

225 2953 356 2991 1³.1‹*.Q.
379 2954 413 2987 in
433 2969 490 2999 γρ.
514 2955 620 2988 habet
643 2954 682 2987 B.
706 2954 800 2999 quod
821 2954 912 2999 fugit
935 2954 1129 2987 Reiskium.
1248 2959 1277 2977 ¹¹¹
1297 2953 1571 2999 ἀναβαλομένου]
1598 2953 1747 2994 ιιναβαλ·

219 3007 365 3049 λομένου
384 3019 436 3052 pr.
455 3007 499 3045 Q.
601 3014 618 3031 ¹¹
641 3006 697 3052 οὐ]
724 3009 800 3040 οὔτε
823 3007 857 3040 S.
959 3013 975 3031 0
997 3008 1086 3052 λέγω
1108 3018 1176 3041 om.
1200 3006 1244 3045 Q.
