2009 3286
101 205 286 284 4-1414
306 248 359 273 -28-
848 237 1134 274 EPQTIKOE.
1642 233 1755 274 1437

227 346 509 412 διαφέρομεν
545 345 788 409 ἀλλήλων·
836 347 960 399 ὅλως
998 346 1083 408 μὲν
1118 344 1212 412 γὰρ
1248 343 1415 397 ἅπασα
1453 345 1601 413 φύσις
1639 351 1755 406 βελ-

226 430 337 479 τίων
362 430 573 494 γίγνεται
597 431 848 480 “παιδείαν
879 435 1239 496 προσλαβοῦσα
1274 429 1360 493 τὴν
1393 430 1750 495 προσήκουσαν,

226 511 353 562 πολὺ
380 512 428 562 δὲ
458 512 657 575 μάλισθ’
686 512 822 566 ὅσαις
849 514 906 581 ἐξ
928 515 1075 580 ἀρχῆς
1108 512 1422 579 εὐφυέστερον
1455 517 1550 563 τῶν
1585 513 1752 564 ἄλλων
1770 532 1879 571 1414

226 596 346 662 ἔχειν
379 597 573 665 ὑπῆρξε·
615 605 633 623 x
650 602 745 650 τοῖς
780 596 864 661 μὲν
890 597 983 663 γὰρ
1010 598 1164 647 αὐτῶν
1189 595 1367 658 Υμόνον
1392 598 1610 657 βελτίοσι
1638 598 1748 663 γίγ-

155 696 209 737 53
227 684 405 741 νεσθαι,
437 685 533 733 τοῖς
567 679 615 730 δὲ
650 683 725 730 καὶ
763 685 858 731 τῶν
893 680 1059 731 ἄλλων
1098 680 1350 743 συμβαίνει
1386 683 1646 746 διενεγκεῖν.
1701 682 1751 731 εὖ

224 763 262 812 δ’
291 762 427 812 Ζἰ’σθι
461 761 545 826 τὴν
584 761 668 826 μὲν
704 764 754 813 ἐκ
788 767 883 813 τῶν
916 762 1137 831 πράξεων
1167 763 1408 829 ἐμπειρίαν
1434 763 1751 828 ειγιγνομένην

223 845 480 913 σφαλερὰν
524 847 674 897 οὖσαν
721 849 796 897 καὶ
841 846 960 913 πρὸς
1004 845 1087 897 τὸν
1131 845 1302 897 λοιπὸν
1346 847 1453 908 βίον
1497 846 1780 914 ἀχρήστως5

224 929 443 995 ἔχουσαν,
471 929 556 994 τὴν
584 932 619 981 δ’
650 932 700 981 ἐκ
725 937 809 981 τοῦ
841 934 1132 999 φιλοσοφεῖν
1165 931 1379 981 παιδείαν
1412 929 1530 996 πρὸς
1565 930 1752 981 ἅπαντα

222 1018 371 1063 ταῦτα
421 1014 642 1080 εὐκαίρως
692 1014 1092 1080 συγκεκραμένην.
1164 1014 1311 1064 καίτοι
1366 1013 1484 1067 τινὲς
1535 1015 1623 1078 ἤδη
1675 1016 1751 1064 καὶ

223 1093 242 1121 ¹³
262 1098 317 1145 δι’
371 1104 387 1123 ⁰
407 1098 622 1164 εὐτυχίαν
683 1097 979 1164 πραγμάτων
1035 1097 1385 1163 γυμνασθέντες
1440 1097 1745 1162 ἐθαυμάσθη-

223 1202 332 1231 σαν.
379 1183 459 1230 σοὶ
486 1180 534 1231 δὲ
558 1180 790 1247 προσήκει
823 1180 1001 1232 τούτων
1033 1180 1118 1244 μὲν
1149 1183 1475 1247 καταφρονεῖν,
1502 1187 1683 1231 σαυτοῦ
1710 1182 1746 1231 δ’
1766 1201 1805 1223 10

223 1263 490 1326 ἐπιμέλειαν
534 1265 670 1331 ἔχειν·
726 1265 779 1314 οὐ
823 1264 917 1330 γὰρ
962 1264 1352 1332 αὐτοσχεδιάζειν,
1395 1266 1505 1314 ἀλλ’
1546 1266 1744 1316 ἐπίστα-

223 1346 344 1396 σθαί
365 1370 423 1397 σε
450 1351 522 1398 δεῖ
541 1349 647 1413 περὶ
673 1352 768 1398 τῶν
793 1348 1049 1412 μεγίστων,
1076 1349 1168 1398 οὐδ’
1194 1350 1268 1398 ἐπὶ
1293 1352 1388 1399 τῶν
1414 1352 1587 1414 καιρῶν
1613 1356 1750 1411 μελε-

153 1434 322 1492 54τᾶν,
374 1432 487 1480 ἀλλ’
541 1429 852 1496 ἀγωνίζεσθαι
909 1436 1068 1485 καλῶς
1124 1432 1430 1482 ἐπίστασθαι.
1499 1431 1651 1497 νόμιζε
1702 1432 1751 1484 δὲ

220 1517 385 1564 πᾶσαν
441 1513 526 1578 μὲν
576 1514 661 1578 τὴν
714 1515 1015 1583 φιλοσοφίαν
1072 1513 1262 1579 μεγάλα
1318 1514 1425 1568 τοὺς
1482 1515 1748 1582 χρωμένους

221 1599 436 1664 ὠφελεῖν,
480 1597 607 1649 πολὺ
653 1596 702 1648 δὲ
751 1597 969 1662 μάλιστα
1016 1597 1102 1661 τὴν
1146 1601 1252 1664 περὶ
1302 1597 1385 1652 τὰς
1429 1597 1625 1667 πράξεις
1672 1602 1799 1651 mm

219 1679 325 1733 τοὺς
363 1680 635 1734 πολιτικοὺς
674 1680 847 1746 λόγους
885 1680 1166 1745 ἐπιστήμην.
1219 1684 1302 1745 τῆς
1337 1681 1429 1747 γὰρ
1465 1683 1748 1748 γεωμετρίας

221 1766 297 1814 καὶ
351 1768 432 1828 τῆς
485 1765 639 1829 ἄλλης
697 1769 780 1829 τῆς
836 1767 1052 1830 τοιαύτης
1108 1768 1317 1820 παιδείας
1374 1768 1573 1833 ἀπείρως
1625 1765 1644 1792 ‘³
1663 1767 1749 1830 μὲν

221 1847 341 1913 ἔχειν
367 1847 582 1915 αἰσχρὸν,
610 1850 754 1914 ἄκρον
781 1849 828 1900 δὲ
861 1850 1133 1914 ἀγωνιστὴν
1164 1850 1385 1915 γενέσθαι
1419 1849 1748 1917 ταπεινότερον

221 1933 303 1993 τῆς
342 1934 433 1994 σῆς
472 1932 622 2000 ἀξίας·
672 1934 719 1982 ἐν
754 1933 901 1998 ἐκείνῃ
937 1932 985 1982 δὲ
1023 1933 1076 1982 τὸ
1116 1931 1201 1995 μὲν
1240 1936 1486 1998 διενεγκεῖν
1520 1933 1746 1999 ζηλωτὸν,
1760 1956 1800 1977 20

151 2032 206 2076 55
221 2012 274 2064 τὸ
311 2016 348 2064 δ’
384 2016 578 2081 ἄμοιρον
612 2015 834 2080 γενέσθαι
873 2021 1119 2070 παντελῶς
1154 2016 1528 2081 καταγέλαστον.
1586 2006 1747 2082 γνοίης

222 2099 260 2147 δ’
290 2097 348 2152 ἀν
379 2099 436 2166 ἐξ
465 2099 631 2149 ἄλλων
666 2121 715 2149 τε
754 2104 955 2150 πολλῶν
991 2104 1065 2150 καὶ
1099 2101 1476 2167 παραθεωρήσας
1510 2101 1617 2156 τοὺς
1651 2102 1745 2168 πρὸ

220 2188 399 2232 σαυτοῦ
427 2183 761 2247 γεγενημένους
793 2182 1009 2251 ἐνδόξους
1036 2184 1221 2249 ἄνδρας.
1278 2190 1449 2234 θτοῦτο
1481 2183 1566 2246 μὲν
1594 2188 1742 2250 Περι-

221 2265 335 2314 κλέα
386 2264 468 2314 τὸν
513 2267 703 2316 συνέσει
749 2272 980 2316 πλεῖστον
1025 2271 1119 2317 τῶν
1165 2271 1269 2317 καθ’
1310 2267 1452 2317 αὑτὸν
1496 2270 1744 2334 διενεγκεῖν

690 2346 704 2373 f

219 2346 425 2414 δόξαντα
463 2347 655 2398 πάντων
716 2349 906 2399 ἀκούσει
945 2349 1291 2414 πλησιάσαντα
1332 2349 1638 2419 Ἀναξαγόρᾳ
1675 2355 1742 2420 τῷ
1756 2371 1792 2403 25

222 2430 527 2500 Κλαζομενίῳ
561 2433 672 2481 ἕκαὶ
710 2431 924 2496 μαθητὴν
961 2433 1417 2498 ἐκείνου.γενόμενον
1450 2434 1622 2499 ταύτης
1659 2438 1742 2498 τῆς

151 2526 205 2579 56
221 2513 456 2576 δυνάμεως
508 2515 824 2581 μετασχόντα·
886 2522 1024 2567 τοῦτο
1076 2519 1113 2567 δ’
1166 2518 1480 2582 Ἀλκιβιάδην
1530 2519 1742 2585 εὑρήσεις

220 2595 364 2664 φύσει
397 2596 481 2659 μὲν
513 2596 631 2662 πρὸς
663 2596 832 2662 ἀρετὴν
865 2603 1038 2668 πολλῷ
1068 2605 1224 2667 χεῖρον
1251 2602 1549 2665 διακείμενον,
1578 2605 1652 2653 καὶ
1681 2602 1740 2652 τά

274 2772 292 2790 ¹¹
313 2765 499 2813 παιδείαν]
508 2768 644 2801 παιδιὰν
665 2768 710 2801 Ο.
815 2774 833 2792 Χ
854 2771 1068 2817 τοῖς-τοῖς]
1096 2773 1296 2807 ταῖς-ταῖς
1315 2785 1348 2808 v,
1448 2779 1466 2806 Y
1485 2775 1589 2815 μόνον
1609 2786 1679 2808 om.
1702 2787 1734 2809 v.

219 2825 235 2843 Z
257 2817 349 2863 ἴσθι]
379 2818 449 2853 ἴσθ’
471 2820 523 2853 ὅτι
545 2821 712 2856 S.Y.O.v.
831 2828 849 2846 a
870 2823 954 2856 Post
974 2826 1175 2869 γιγνομένην
1195 2826 1229 2858 in
1253 2826 1287 2859 S.
1310 2826 1437 2871 legitur
1457 2840 1498 2859 τα
1518 2827 1622 2871 idque
1643 2827 1678 2860 in
1699 2842 1737 2860 το

217 2877 404 2906 mutatum.
481 2869 499 2897 b
526 2873 567 2906 δι’
590 2886 660 2908 om.
684 2874 727 2908 O.
804 2879 819 2898 C
839 2876 1013 2922 εὐτυχίαν]
1040 2879 1226 2922 συντυχίαν
1245 2893 1302 2924 γρ.
1319 2879 1412 2917 Y.Q.
1494 2876 1511 2903 (l
1531 2881 1593 2923 μέν
1613 2892 1681 2914 om.
1704 2893 1735 2915 v.

218 2954 233 2973 (³
253 2951 354 2982 τοῦτο
374 2950 450 2995 μὲν]
474 2954 576 2984 τοῦτο
595 2953 656 2995 μὲν
675 2954 739 2997 ’γὰρ
760 2952 803 2986 Ο.
835 2955 886 2987 καὶ
905 2957 1007 2988 τοῦτο
1026 2957 1087 2999 μὲν
1106 2957 1172 3002 γὰρ
1192 2969 1224 2991 v.
1301 2954 1316 2981 f
1332 2956 1489 3005 ἀκούσει]
1515 2943 1672 2992 ἀκουσειιῐ
1694 2960 1733 2995 F.

216 3001 375 3036 ἀκυύσειν
398 3004 482 3043 S.Q.
513 3004 641 3049 ἀκοὺση
663 3005 741 3040 O.v.
763 3014 797 3040 ct
817 3014 993 3041 correctus
1014 3009 1054 3042 Y.
1145 3016 1165 3042 g
1185 3011 1237 3043 καὶ
1257 3022 1327 3045 om.
1347 3010 1391 3044 O.

278 3078 374 3105 VOL.
395 3079 455 3106 IV.
955 3083 982 3107 N
1008 3085 1032 3108 Π
