2009 3286
77 217 330 270 —1158,10.
495 219 638 257 KATA
671 220 849 257 ΕΎῈΡΓ.
886 221 975 257 ΚΑΙ
1010 220 1240 257 ΜΝΗΣΙΒ.
1273 221 1431 258 ΨΕΎΔ.
1612 219 1724 258 1183

201 329 422 394 γειτόνων
449 333 530 393 τῆς
556 333 762 396 κραυγῆς
789 332 864 380 καὶ
894 331 1090 396 ὁρῶντες
1115 330 1201 393 τὴν
1228 332 1374 381 οὶκίαν
1400 331 1724 396 πορθουμένην

199 413 285 477 τὴν
311 413 426 477 ἐμὴν
452 417 494 464 οἱ
527 413 612 478 μὲν
642 414 736 465 ἀπὸ
762 419 856 464 τῶν
881 419 1030 479 τεγῶν
1057 419 1151 465 τῶν
1181 415 1357 464 ἑαυτῶν
1383 415 1724 480 οἐκαλίστρουν

201 495 307 551 τοὺς
338 496 606 563 παριόντας,
633 501 674 549 οἱ
701 497 749 549 δὲ
775 500 849 548 καὶ
881 501 943 552 εἰς
970 497 1054 562 τὴν
1081 498 1242 563 ἑτέραν
1269 497 1378 548 ὁδὸν
1405 497 1623 551 ἐλθόντες
1650 501 1724 549 καὶ

137 598 186 640 75
202 581 375 635 ἰδόντες
419 582 716 652 (Αγνόφιλον
767 581 996 648 παριόντα
1046 582 1301 632 ἐκέλευσαν
1351 582 1720 648 παραγενέσθαι.

198 665 486 732 προσελθὼν
518 666 566 717 δὲ
598 668 623 717 ὁ
654 667 948 735 Ἀγνόφιλος
983 669 1304 733 προσκληθεὶς
1340 666 1430 717 ὑπὸ
1462 672 1545 716 τοῦ
1580 666 1717 731 θερά-
1740 687 1775 716 ¹5

197 773 368 804 πόντος
393 757 476 801 τοῦ
511 751 837 814 Ἀνθεμίωνος,
866 750 915 804 ὅς
950 752 1058 801 ε’στί
1092 773 1171 812 μοι
1206 751 1387 814 γείτων,
1420 754 1482 802 εἰς
1521 749 1604 812 μὲν
1638 749 1723 813 τὴν

197 836 344 886 οὶκίαν
370 837 453 886 οὐκ
479 839 700 899 εἰσῆλθεν
724 836 799 898 (οὐ
825 834 918 900 γὰρ
938 835 1096 900 ἡγεῖτο
1116 835 1292 885 δίκαιον
1318 832 1432 884 εἶναι
1457 833 1522 897 μὴ
1548 833 1722 899 παρόν-

197 941 276 972 τος
309 941 363 984 γε
398 925 482 970 τοῦ
516 920 713 988 κυρίου),
739 921 787 970 ἐν
820 917 868 968 δὲ
905 922 971 987 τῷ
1008 923 1090 969 τοῦ
1124 918 1436 981 Ἀνθεμίωνος
1470 918 1627 986 χωρίῳ
1658 916 1723 967 ὧν

196 1003 319 1069 ἑώρα
351 1003 412 1054 τά
444 1027 493 1054 τε
526 1004 672 1067 σκεύη
700 1002 989 1072 ἐκφερόμενα
1021 1004 1095 1052 καὶ
1125 1003 1334 1067 Εὔεργον
1361 1003 1436 1051 καὶ
1464 1000 1722 1068 Θεόφημον

131 1092 182 1143 76
197 1087 405 1156 ἐξιόντας
442 1089 491 1138 ἐκ
526 1090 608 1151 τῆς
647 1088 758 1150 ε’μῆς
794 1087 951 1139 οἰκίας.
1007 1087 1061 1136 οὐ
1099 1085 1244 1149 μόνον
1281 1086 1449 1147 τοίνυν,
1486 1083 1523 1134 ῶ
1559 1085 1722 1151 ἄνδρες
1736 1108 1776 1128 ²0

196 1173 430 1234 δικασταὶ,
457 1170 688 1232 λαβόντες
713 1178 836 1233 Ρμου
871 1170 931 1221 τὰ
966 1170 1111 1233 σκεύη
1144 1170 1338 1238 ᾤχοντο,
1369 1168 1499 1219 ἀλλὰ
1531 1171 1606 1219 καὶ
1640 1169 1722 1219 τὸν

196 1253 294 1306 υἱὸν
319 1254 436 1320 ἧγον
463 1257 525 1308 ὡς
557 1255 751 1318 οἰκέτην,
779 1255 862 1307 ἕως
894 1259 987 1304 τῶν
1014 1254 1235 1320 γειτόνων
1262 1253 1540 1316 ἀπαντήσας
1568 1254 1723 1306 αὐτοῖς

194 1339 485 1405 “Ερμογένης
525 1337 652 1389 εἶπεν
691 1338 761 1389 ὅτι
800 1338 894 1392 υἱός
938 1362 1028 1402 μου
1067 1339 1149 1402 εἵη.
1212 1341 1273 1390 ὡς
1312 1337 1360 1387 δὲ
1398 1338 1523 1387 ταῦτ’
1566 1338 1721 1400 ἀληθῆ

196 1424 337 1489 λέγω,
365 1424 690 1489 ἀναγνώσεται
719 1425 824 1486 ὑμῖν
851 1422 934 1476 τὰς
960 1423 1229 1488 μαρτυρίας.

777 1527 796 1555 ‘¹
814 1523 1140 1562 ΜΑΡΤΥΡῘΑΙ.
1735 1530 1771 1559 ²5

130 1606 176 1647 77
267 1594 460 1657 Ἐπειδὴ
495 1596 650 1645 τοίνυν
685 1618 763 1658 μοι
798 1594 1082 1659 ἀπηγγέλθη
1114 1598 1174 1646 εἰς
1203 1597 1401 1658 Πειραιᾶ
1432 1593 1490 1642 τὰ
1522 1616 1715 1658 γεγενη-

193 1677 309 1740 μένα
335 1677 424 1729 ὑπὸ
452 1683 545 1728 τῶν
567 1678 802 1743 γειτόνων,
824 1678 976 1728 ἐλθὼν
998 1682 1058 1730 εἰς
1086 1676 1233 1742 ἀγρὸν
1253 1677 1443 1731 τούτους
1468 1677 1551 1739 μὲν
1571 1679 1721 1728 οὐκέτι

192 1761 560 1825 καταλαμβάνω,
605 1761 715 1812 ἰδὼν
759 1762 807 1811 δὲ
852 1761 909 1811 τὰ
954 1764 1002 1812 ἐκ
1047 1765 1129 1824 τῆς
1175 1763 1319 1814 οἰκίας
1364 1762 1720 1829 ἐκπεφορημένα

193 1846 269 1895 καὶ
312 1844 399 1909 τὴν
440 1852 591 1911 γραῦν
630 1849 692 1899 ὡς
731 1846 934 1906 διέκειτο,
976 1848 1079 1895 Γκαὶ
1124 1846 1334 1895 ςάκούων
1379 1848 1461 1908 τῆς
1501 1845 1719 1910 γυναικὸς

192 1927 250 1978 τὰ
277 1927 518 1993 γενόμενα,
545 1928 831 1995 προσελθών
858 1934 924 1998 τῷ
951 1928 1194 1997 Θεοφήμῳ
1226 1933 1283 1995 τῇ
1322 1930 1546 1996 ὑστεραίᾳ
1578 1930 1718 1979 ἕωθεν
1737 1935 1842 1988 1158

191 2013 239 2062 ἐν
259 2016 317 2079 τῇ
344 2012 482 2063 πόλει
507 2011 747 2077 μάρτυρας
775 2013 894 2078 ἔχων
920 2013 1133 2063 ἐκέλευον
1153 2012 1294 2062 αὑτὸν
1314 2016 1503 2076 πρῶτον
1529 2012 1613 2074 μὲν
1633 2012 1718 2076 τὴν

192 2096 445 2158 καταδίκην
483 2094 842 2157 ἀπολαμβάνειν
882 2098 956 2144 καὶ
995 2097 1268 2144 ἀκολουθεῖν
1305 2096 1379 2144 ἐπὶ
1418 2093 1503 2156 τὴν
1537 2093 1712 2159 τράπε-

192 2176 288 2243 ζαν,
321 2178 477 2229 ἔπειτα
515 2177 601 2241 τὴν
636 2178 885 2243 ἄνθρωπον
921 2178 1189 2243 θεραπεύειν
1224 2177 1282 2239 ἢν
1320 2177 1609 2244 συνέκοψαν,
1640 2180 1744 2228 καὶε

125 2260 351 2327 78ἱατρὸν
386 2261 592 2326 εἰσάγειν
627 2261 680 2312 ὃν
717 2263 846 2311 αὐτοὶ
879 2261 1174 2321 ῒβούλοιντο.
1235 2266 1382 2310 ταῦτα
1416 2262 1468 2310 δέ
1501 2284 1591 2323 μου
1631 2262 1710 2310 λέ-

191 2368 358 2410 γοντος
398 2349 473 2396 καὶ
512 2345 955 2411 διαμαρτυρομένου,
995 2346 1114 2396 κακά
1152 2367 1207 2407 με
1246 2344 1410 2395 πολλὰ
1446 2344 1651 2396 εἰπόντες
1690 2346 1715 2393 ὁ

190 2427 274 2489 μὲν
315 2429 571 2496 Θεόφημος
611 2428 859 2492 ἠκολούθει
904 2428 1056 2491 μόλις,
1102 2428 1344 2494 διατριβὰς
1391 2430 1595 2490 ἐμποιῶν
1640 2431 1714 2477 καὶ

190 2511 393 2578 φάσκων
430 2512 731 2572 “βούλεσθαι
771 2514 846 2561 καὶ
892 2511 1030 2564 αὑτός
1074 2535 1202 2564 τινας
1246 2516 1544 2577 παραλαβεῖν
1585 2511 1710 2576 μοίρ-

188 2617 329 2660 τυρας
360 2598 526 2659 (ταῦτα
555 2597 591 2645 δ’
623 2596 754 2659 ε”λεγε
787 2596 1018 2661 τεχνάζων
1045 2602 1159 2646 Χτοῦ
1192 2597 1362 2662 χρόνον
1396 2596 1711 2662 ἐγγενέσθαι),
1731 2615 1767 2635 ¹0

244 2784 261 2802 0
282 2778 506 2823 ἐκαλίστρουν
528 2779 761 2824 IIarpoeratio
783 2793 809 2813 s.
829 2781 862 2813 ln.
880 2793 911 2814 v.
949 2781 1146 2825 chcbatm·
1167 2782 1318 2814 ἐκάλουν.
1451 2787 1468 2813 1>
1488 2795 1552 2822 μου
1574 2793 1641 2813 0111.
1665 2780 1709 2818 Q.

189 2838 208 2863 q
228 2832 407 2876 μαρτυρίαι
428 2832 466 2864 B.
489 2833 582 2876 quod
603 2832 693 2877 fugit
716 2833 910 2872 Reiskium,
932 2840 966 2867 et
989 2836 1022 2867 S.
1061 2834 1259 2879 Legehatur
1281 2839 1511 2867 MAPTYPIA.
1625 2839 1638 2856 Γ
1659 2835 1710 2866 καὶ

758 2894 815 2913 σας

189 2928 259 2949 om.
281 2916 325 2954 Q.
431 2922 444 2939 s
466 2915 593 2950 ἀκούων
615 2919 650 2951 S.
680 2918 808 2952 ἀκούων
830 2919 867 2952 F.
905 2919 1104 2963 Legebatm·
1123 2918 1282 2953 ἀκούσας.
1397 2918 1409 2942 t
1429 2918 1613 2955 βούλοιντο
1634 2931 1708 2952 001·-

188 2976 304 3003 rectus
325 2982 343 3002 a
365 2982 411 3004 m.
430 2969 574 3014 antiqua
591 2972 625 3003 S.
643 2976 677 3004 et
693 2986 748 3016 γρ.
768 2972 806 3005 Β.
837 2971 1023 3011 βούλονται
1045 2972 1176 3010 13.F.Q.
1265 2978 1280 2995 ¹⁸
1302 2971 1492 3010 βούλεσθαι
1513 2972 1565 3004 καὶ
1587 2972 1704 3017 αὑτός]

188 3021 416 3060 βουλεύεσθαι
436 3023 536 3057 αὐτὸς
555 3037 612 3068 γρ,
630 3024 674 3061 Q.
772 3030 787 3046 Χ
809 3027 870 3057 τοῦ
890 3025 1047 3058 additum
1069 3037 1110 3058 cx
1133 3026 1166 3057 S.

909 3098 980 3124 112
