2009 3286
72 252 333 296 —13c3,19.
690 244 834 281 ΠΡΟΣ
867 242 1240 281 ΕΎΒΟΎΛΙΔΗΝ.
1615 236 1725 280 13ῑέἶό

129 378 178 420 15
194 360 292 408 τοῖς
339 353 562 419 δημόταις
602 354 1012 423 ἀποψηφίζεσθαι.
1069 354 1313 423 ἀξιοῦντος
1358 354 1417 404 δέ
1452 376 1543 416 μου
1585 355 1725 403 guiva-

191 440 431 501 βαλέσθαι
462 443 525 493 εἰς
562 438 647 503 τὴν
680 440 930 505 ὑστεραίαν
965 438 1041 489 διά
1075 461 1124 489 τε
1159 438 1245 502 τὴν
1279 436 1405 504 ὥραν
1440 440 1516 488 καὶ
1550 436 1604 488 τὸ
1634 461 1773 502 μη-ι5

193 523 301 574 δένα
334 546 413 586 μοι
447 528 661 589 παρεῖναι
699 523 754 573 τό
790 545 839 572 τε
874 527 1075 588 πρᾶγμα
1113 522 1251 591 ἄφνω
1283 522 1721 588 προσπεπτωκέναι,

191 607 267 657 ἵνα
300 607 451 676 τούτῳ
485 607 523 656 τ’
551 607 748 675 ἐξουσία
785 605 993 672 ὶιγένοιτο
1031 605 1209 657 ἰὁπόσα
1246 606 1472 667 βούλοιτο
1510 628 1718 670 κατηγο-

190 694 337 758 ρῆσαι
374 693 449 742 καὶ
488 691 727 759 μάρτυρας
759 692 801 743 εἴ
835 715 963 745 τινας
1001 691 1097 758 ἔχοι
1138 690 1492 758 παρασχέσθαι,
1532 692 1637 754 ε’μοί
1671 714 1721 741 τε

191 775 422 841 ἐκγένοιτο
449 775 857 841 ἀπολογήσασθαι
883 777 931 826 ἐν
958 775 1113 827 ἅπασι
1138 780 1235 829 τοῖς
1265 775 1486 839 δημόταις
1512 777 1587 825 καὶ
1613 775 1720 829 τοὺς
1737 796 1774 816 20

193 862 384 914 οἰκείους
422 860 662 927 μάρτυρας
700 860 1052 928 παρασχέσθαι·
1093 862 1168 911 καὶ
1205 860 1229 911 ὅ
1265 883 1309 910 τι
1349 861 1580 926 γνοίησαν
1613 862 1721 927 περὶ

128 946 316 1010 ιόέμοῦ,
355 945 537 1000 τούτοις
575 945 749 1010 ἤθελον
786 946 1010 1009 ἐμμένειν
1052 946 1186 999 οὗτος
1225 942 1289 995 ὧν
1325 944 1410 1008 μὲν
1442 944 1536 1010 ἐγὼ
1568 946 1716 1011 πρού-

191 1029 437 1094 καλούμην
477 1029 609 1081 οὐδὲν
654 1029 919 1099 ἐφρόντισε,
964 1031 1050 1094 τὴν
1095 1029 1145 1081 δὲ
1183 1032 1355 1098 ψῆφον
1400 1027 1534 1083 εὐθὺς
1573 1029 1723 1080 ἐδίδου

189 1120 286 1169 τοῖς
339 1121 546 1182 παροῦσι
598 1120 693 1166 τῶν
744 1119 975 1179 δημοτῶν,
1021 1115 1125 1165 οὕτε
1170 1114 1438 1179 ἀπολογίαν
1484 1112 1723 1177 3οὐδεμίαν

190 1197 319 1262 ιςἐμοὶ
362 1197 468 1252 δοὺς
517 1200 613 1250 οὔτ’
657 1199 858 1267 ἔλεγχον
900 1198 1064 1249 οὐδένα
1103 1200 1274 1264 ἀκριβῆ
1315 1196 1534 1261 ποιήσας.
1593 1201 1635 1248 οἱ
1674 1197 1773 1250 δὲ25

189 1283 341 1354 τούτῳ
392 1289 690 1338 συνεστῶτες
732 1283 1122 1348 ἀναπηδήσαντες
1166 1283 1474 1351 ἐψηφίζοντο.
1545 1285 1621 1333 καὶ
1665 1282 1723 1347 ἧν

190 1367 275 1432 μὲν
318 1367 505 1431 σκότος,
547 1371 588 1418 οἱ
634 1367 682 1419 δὲ
726 1367 1052 1431 λαμβάνοντες
1101 1365 1184 1417 δύο
1236 1369 1310 1417 καὶ
1361 1372 1483 1433 τρεῖς
1526 1365 1724 1434 ψήφους

127 1453 392 1513 17ἕκαστος
429 1451 560 1518 παρὰ
593 1451 762 1502 τούτου
799 1450 1090 1511 Ῑένέβαλλον
1123 1454 1186 1504 εἷς
1224 1449 1307 1501 τὸν
1346 1451 1587 1502 καδίσκον.
1632 1474 1722 1515 ση-

190 1541 321 1600 μεῖον
360 1537 427 1586 δέ·
468 1541 511 1587 οἱ
549 1536 634 1600 μὲν
674 1535 768 1602 γὰρ
813 1535 1148 1604 ψηφισάμενοι
1191 1536 1244 1585 οὑ
1282 1536 1475 1588 πλειόυς
1517 1534 1545 1598 ἦ
1587 1535 1718 1601 τριά-

192 1622 311 1672 κοντ’
343 1619 482 1684 ἦσαν,
510 1624 556 1671 αἱ
584 1620 632 1671 δὲ
656 1623 819 1689 ψῆφοι
845 1619 1178 1686 ἠριθμήθησαν
1203 1620 1396 1674 πλείους
1422 1617 1451 1683 ὴ
1479 1619 1721 1688 ἑξήκοντα,
1743 1640 1751 1666 1
1763 1639 1843 1681 303

193 1705 318 1756 ὥστε
366 1705 548 1758 πάντας
599 1706 720 1768 ἡμᾶς
766 1707 1077 1768 ἐκπλαγῆναι.
1146 1706 1222 1755 καὶ
1273 1709 1406 1756 ταῦθ’
1451 1707 1514 1758 ὡς
1565 1707 1720 1768 ἀληθῆ

193 1791 334 1856 λέγω,
369 1793 442 1841 καὶ
482 1789 552 1841 ὅτι
591 1791 695 1841 οὔτε
730 1790 868 1853 ἐδόθη
905 1790 932 1852 ἡ
974 1792 1143 1857 ψῆφος
1181 1791 1229 1839 ἐν
1264 1786 1416 1840 ἅπασι
1451 1789 1643 1842 πλείους
1678 1793 1720 1839 τ’

194 1875 408 1940 ἐγένοντο
446 1879 540 1925 τῶν
574 1874 986 1943 ιἨψηφισαμένων,
1018 1872 1257 1939 μάρτυρας
1298 1875 1404 1936 ὑμῖν
1437 1874 1715 1942 παρέξομαι.
1736 1891 1752 1920 5

131 1971 179 2010 18
195 1960 447 2023 συμβαίνει
476 1960 534 2010 δέ
549 1983 627 2022 μοι
662 1962 767 2025 περὶ
794 1959 972 2010 τούτων
1009 1963 1102 2009 τῶν
1136 1958 1220 2021 μὲν
1248 1960 1405 2025 φίλων
1439 1956 1468 2022 ἢ
1499 1963 1593 2009 τῶν
1625 1958 1717 2008 ἅλ-

195 2050 295 2094 λων
324 2044 590 2103 Ἀθηναίων
616 2043 792 2107 μηδένα
818 2042 1033 2107 μάρτυρα
1068 2046 1280 2107 παρεῖναι
1308 2041 1382 2092 διά
1409 2064 1458 2092 τε
1484 2040 1570 2105 τὴν
1596 2040 1723 2107 ὤραν

194 2130 270 2179 καὶ
317 2127 392 2177 διὰ
434 2128 488 2178 τὸ
533 2129 709 2191 μηδένα
748 2126 1094 2193 παρακαλέσαι,
1135 2127 1289 2179 αὐτοῖς
1331 2126 1379 2177 δὲ
1422 2130 1518 2180 τοῖς
1557 2127 1719 2189 ἠδικη-

196 2212 303 2263 κόσι
331 2235 387 2274 με
414 2211 720 2279 ΙΙχρήσασθαι
739 2211 990 2278 μάρτυσιν.
1039 2209 1068 2261 ἃ
1095 2212 1176 2263 οὖν
1196 2214 1248 2263 οὐ
1275 2211 1558 2276 δυνήσονται
1586 2212 1722 2280 ἔξαρ-

197 2319 266 2347 νοι
293 2297 529 2362 γενέσθαι,
556 2302 703 2347 ταῦτα
728 2297 951 2365 γέγραφα
977 2297 1146 2349 αὐτοῖς.
1192 2296 1318 2361 λέγε.
1741 2317 1776 2337 ¹0

807 2407 1115 2447 MAPTTPIA.

134 2502 184 2542 ¹9
274 2494 331 2540 Εἰ
357 2489 444 2553 μὲν
471 2491 639 2552 τοίνυν,
667 2487 704 2540 ὦ
734 2489 898 2556 ἄνδρες
926 2492 1158 2552 δικασταὶ,
1187 2490 1435 2549 συνέβαινε
1465 2496 1561 2544 τοῖς
1586 2490 1721 2541 Ἀλι-

253 2688 274 2715 g
294 2681 525 2722 ἀναβαλέσθαι
547 2683 614 2716 hoc
633 2682 710 2716 loco
731 2682 879 2716 codices,
913 2682 997 2716 Post
1018 2683 1200 2729 ὑστεραίαν
1220 2683 1338 2728 vulgo.
1457 2678 1477 2705 h
1495 2683 1627 2726 γένοιτο
1648 2684 1719 2716 Am.

200 2735 401 2781 Legebatur
429 2737 668 2781 προσγένοιτο.
720 2736 762 2769 In
793 2736 829 2770 S.
860 2734 1125 2781 προσ,γε’νοιτο;
1157 2749 1226 2781 quo
1256 2735 1473 2781 significatur
1502 2749 1594 2778 προσ
1616 2736 1722 2768 deleri

199 2789 350 2823 voluisse
374 2789 565 2829 librarium,
587 2789 704 2834 quiex
724 2789 944 2834 praecedente
965 2790 1268 2834 προσπεπτωκέναι
1288 2789 1508 2834 ιἐρεῒίνιϊιιῒ,
1531 2794 1569 2821 ut
1586 2789 1720 2833 opinor.

201 2839 211 2866 i
233 2843 347 2875 ὁπόσα
366 2841 531 2882 βούλοιτο
552 2843 797 2888 κατηγορῆσαι]
823 2844 1052 2887 κατηγορῆσαι
1073 2844 1187 2876 ὁπόσα
1205 2842 1370 2883 βούλοιτο
1390 2843 1464 2875 Am.
1593 2840 1603 2875 j
1625 2842 1720 2874 οὐδε-

200 2895 279 2938 μίαν
298 2901 379 2940 post
399 2895 477 2930 δοὺς
497 2901 636 2940 ponunt
658 2896 748 2934 RQ.
849 2892 867 2919 k
889 2896 961 2940 ἐμοὶ
982 2897 1140 2930 additum
1157 2909 1199 2930 ex
1222 2896 1354 2934 F.S.Q.
1386 2896 1454 2928 Pro
1474 2906 1515 2927 eo
1535 2894 1574 2926 ι’ίν
1593 2909 1650 2937 μοι
1671 2901 1722 2927 cst

201 2948 236 2982 in
258 2949 328 2981 Am.
418 2945 426 2971 Ῑ
448 2948 652 2994 ἐνέβαλλον]
678 2949 840 2990 ἐνέβαλον
860 2950 933 2984 As.
1029 2956 1057 2974 ¹¹¹
1079 2949 1353 2995 ψηφισαμένων]
1379 2948 1629 2992 ἐψηφισμένων
1649 2949 1723 2982 A.r.

203 3005 219 3021 ‘¹
241 3000 458 3046 χρήσασθαι]
481 3002 631 3046 χρῆσθαι
650 3003 722 3037 A-r.

262 3076 354 3102 VOL.
377 3076 437 3102 lv.
981 3078 1006 3102 Y
