2009 3286
280 237 392 277 1318
822 245 1250 285 ΔΗΜΟΣΘΕΝΟΎΣ
1389 244 1470 283 ΟΒ.
1490 243 1608 284 LVI.
1632 256 1670 297 p.
1693 253 1814 296 1294,
1833 258 1930 285 19—-

276 350 542 415 Ἀθηναίων
573 353 808 420 ἐμπόριον,
842 358 924 419 τῆς
956 360 1245 425 συγγραφῆς
1277 355 1531 422 διαρρήδην
1565 355 1801 421 λεγούσης

276 438 338 487 εἰς
372 434 454 486 τὸν
487 441 685 504 Πειραιᾶ
724 438 943 504 κατάγειν
978 439 1065 503 τὴν
1105 446 1218 490 ναῦν
1251 442 1326 490 καὶ
1359 441 1546 509 ἐμφανῆ
1581 438 1801 507 παρέχειν
1816 462 1856 484 ²0

275 523 371 571 τοῖς
413 522 723 584 δανείσασιν;
774 525 849 573 καὶ
888 522 980 590 γὰρ
1018 529 1171 586 τοῦτο,
1210 522 1283 573 νεῖ)
1327 523 1491 589 ἄνδρες
1538 527 1794 586 Ἀθηναῖοι.

206 609 264 647 44
276 600 519 654 θεάσασθε
546 604 631 669 τὴν
657 605 942 671 ὑπερβολήν.
983 606 1158 673 ἐρράγη
1184 607 1212 670 ἡ
1241 612 1364 669 ναῦς,
1387 606 1447 660 ὥς
1474 610 1625 675 φησιν
1651 605 1800 667 οὗτος,

274 685 349 733 καὶ
386 684 460 735 διὰ
497 692 635 737 τοῦτο
674 692 736 740 εἷς
768 688 970 738 Χ“Ρόδον
1009 687 1277 754 κατήγαγεν
1316 687 1477 752 αὑτήν.
1540 688 1706 737 οὐκοῦν
1744 685 1798 736 τὸ

272 766 390 828 μετὰ
435 775 572 820 τοῦτο
616 770 945 835 ἐπεσκευάσθη
991 776 1066 823 καὶ
1110 772 1326 835 πλώϊμος
1373 771 1568 837 ἐγένετο.
1636 770 1712 821 διὰ
1753 772 1803 823 τί

272 850 367 913 οῦν,
407 850 443 901 ὦ
481 851 723 916 βέλτιστε,
763 859 825 907 εἷς
863 853 949 917 μὲν
988 855 1073 918 τὴν
1114 855 1359 920 Αἴγυπτον
1398 857 1473 905 καὶ
1511 855 1672 904 τᾶλλα
1710 857 1791 918 ε’μ-
1811 877 1848 907 25

270 932 413 1000 πόρια
458 936 754 990 ἀπέστελλες
798 936 956 1001 αὐτὴν,
995 937 1224 1003 Ἀθήναζε
1270 940 1307 988 δ’
1350 939 1432 988 οὐκ
1476 939 1797 993 Υάπέστειλας

272 1018 451 1069 οὐδέπω
494 1023 568 1070 καὶ
614 1023 747 1072 Ζνυνὶ
792 1020 911 1087 πρὸς
952 1021 1072 1084 ἡμᾶς
1116 1021 1224 1075 τοῦς
1269 1022 1588 1084 δανείσαντας,
1628 1021 1728 1074 ἢοῖς
1767 1022 1795 1085 ἡ

270 1101 533 1170 συγγραφὴ
572 1103 749 1154 κελεύει
790 1126 848 1154 σε
888 1102 1110 1172 ῧέμφανῆ
1150 1107 1226 1155 καὶ
1272 1104 1516 1173 ἀνέπαφον
1556 1104 1641 1168 τὴν
1683 1110 1796 1155 ναῦν

268 1184 502 1252 παρέχειν,
548 1189 623 1237 καὶ
675 1191 801 1238 ταῦτ’
849 1188 1108 1256 ἀξιούντων
1151 1189 1283 1252 ἡμῶν
1329 1191 1403 1239 καὶ
1449 1196 1791 1254 οπροκαλεσα-
1812 1207 1917 1249 1295

197 1281 250 1322 45
266 1268 419 1331 μένων
454 1293 510 1320 σε
546 1270 816 1333 πολλάκις,
865 1273 974 1322 ἀλλ’
1009 1273 1155 1326 οὕτως
1194 1275 1401 1338 ἀνδρεῖος
1441 1270 1491 1335 εἶ,
1528 1277 1718 1336 μᾶλλον
1753 1264 1792 1323 δ’

266 1354 594 1420 ἀναίσχυντος,
632 1355 756 1406 ὥστε
795 1357 844 1406 ἐκ
882 1358 965 1419 τῆς
1004 1359 1292 1424 συγγραφῆς
1331 1357 1540 1422 ὀφείλων
1578 1356 1688 1419 ἡμῖν
1726 1360 1793 1407 δι-

263 1435 453 1487 πλάσια
504 1438 562 1488 τὰ
613 1438 834 1505 χρήματα
884 1439 966 1489 οὐκ
1018 1438 1099 1489 οἴει
1149 1442 1243 1490 δεῖν
1301 1438 1404 1490 οὐδὲ
1461 1437 1569 1492 τοὺς
1626 1438 1790 1493 τόκους

264 1516 400 1573 ᾰτοῦς
426 1522 731 1586 γιγνομένους
757 1525 1024 1584 ἀποδοῦναι,
1052 1523 1184 1573 ἀλλὰ
1210 1522 1317 1576 τοῦς
1348 1527 1410 1576 εἷς
1435 1522 1602 1573 εΡόδον
1635 1546 1818 1589 προσ-5

262 1602 443 1658 τάττεις
482 1607 758 1669 ἀπολαβεῖν,
796 1604 960 1672 ὥσπερ
994 1605 1048 1656 τὸ
1085 1605 1176 1657 σὸν
1213 1606 1505 1672 πρόσταγμα
1544 1611 1627 1669 τῆς
1661 1630 1785 1672 συγ-

262 1691 451 1756 γραφῆς
490 1689 593 1740 δέον
627 1690 905 1756 κυριώτερον
937 1689 1172 1755 γενέσθαι,
1207 1694 1282 1741 καὶ
1318 1694 1500 1758 τολμᾷς
1538 1691 1692 1755 λέγειν
1727 1694 1789 1745 ὡς

192 1776 249 1825 46
262 1769 346 1818 οὐκ
386 1770 545 1836 ἐσώθη
584 1772 611 1835 ἡ
656 1777 765 1825 ναῦς
808 1775 870 1825 εἷς
914 1771 997 1822 τὸν
1040 1776 1253 1838 Πειραιᾶ
1309 1774 1380 1840 ἐφ’
1422 1771 1459 1841 ᾧ
1502 1774 1687 1825 δικαίως
1728 1771 1788 1823 ἂν

260 1853 513 1908 ἀποθάνοις
559 1855 647 1906 ὑπὸ
692 1860 787 1906 τῶν
829 1858 1080 1906 δικαστῶν.
1143 1855 1219 1906 διὰ
1260 1858 1364 1907 τίνα
1403 1855 1497 1921 γὰρ
1539 1856 1707 1918 ἄλλον,
1747 1854 1786 1906 ὦ

259 1937 422 2003 ἄνδρες
459 1941 692 2002 δικασταὶ,
728 1940 782 1989 οὐ
820 1940 1070 1989 σέσωσται
1109 1939 1137 2003 ἡ
1177 1945 1288 1993 ναῦς
1326 1943 1389 1992 εἰς
1427 1938 1510 1990 τὸν
1545 1943 1742 2005 Πειραιᾶ
1764 1962 1776 2002 ;
1799 1963 1836 1984 ιο

257 2019 457 2087 πότερον
490 2024 543 2071 δι’
572 2023 692 2086 ἡμᾶς
726 2022 833 2076 τοὺς
866 2022 1119 2089 διαρρήδην
1156 2024 1463 2076 δανείσαντας
1496 2027 1557 2076 εἷς
1590 2023 1779 2089 Α’ίγυπ-

256 2125 340 2154 τον
371 2108 447 2155 καὶ
479 2109 542 2159 εἰς
574 2105 794 2170 Ἀθήνας,
821 2105 850 2170 ἢ
877 2105 953 2157 διὰ
986 2112 1154 2156 τοῦτον
1187 2108 1263 2157 καὶ
1301 2106 1384 2157 τὸν
1418 2106 1640 2157 κοινωνὸν
1667 2108 1775 2157 θαύ-

253 2193 349 2249 τοῦ,
389 2188 432 2238 οῗ
469 2190 542 2240 ἐπὶ
581 2190 770 2243 ταύταις
808 2195 907 2243 ταῖς
947 2191 1222 2255 ὁμολογίαις
1261 2189 1597 2253 δανεισάμενοι,
1636 2191 1709 2258 ἐφ’
1744 2188 1782 2259 ᾧ

255 2291 304 2319 τε
341 2277 600 2322 καταπλεῖν
636 2271 879 2337 Ἀθήναζε,
906 2276 968 2325 εἷς
998 2272 1165 2322 Ῥόδον
1200 2271 1472 2337 κατήγαγον
1507 2272 1592 2336 τὴν
1626 2278 1738 2323 ναῦν
1760 2295 1771 2334 ;
1795 2299 1828 2329 15

187 2371 240 2413 47
257 2352 326 2403 ὅτι
371 2354 409 2403 δ’
454 2354 634 2408 ἑκόντες
677 2357 753 2405 καὶ
798 2357 880 2405 οὐκ
924 2354 981 2422 ἐξ
1018 2353 1225 2419 ἀνάγκης
1268 2357 1395 2405 ταῦτ’
1440 2356 1665 2424 ἔπραξαν,
1713 2356 1778 2407 ξέκ

253 2441 454 2487 πολλῶν
486 2440 645 2500 δῆλον.
701 2442 738 2488 εὶ
769 2437 862 2504 γὰρ
899 2440 961 2491 ὡς
997 2440 1187 2501 ἀληθῶς
1225 2438 1449 2488 ἀκούσιον
1487 2438 1541 2489 τὸ
1581 2439 1778 2503 συμβὰν

252 2519 434 2582 ἐγένετο
476 2522 552 2570 καὶ
593 2521 621 2583 ἡ
667 2526 777 2573 ναῦς
821 2519 1009 2586 ἐρράγη,
1055 2519 1109 2570 τὸ
1146 2520 1264 2583 μετὰ
1307 2523 1446 2583 τοῦτ’,
1489 2521 1644 2585 ἐπειδὴ
1685 2524 1769 2572 ε’π-

252 2603 517 2654 εσκεύασαν
562 2603 648 2666 τὴν
694 2610 820 2664 ναῦν,
862 2604 944 2653 οὐκ
989 2602 1046 2652 ἂν
1091 2606 1152 2656 εἷς
1202 2603 1335 2669 ἕτερα
1380 2603 1531 2667 δήπου
1576 2604 1773 2670 ἐμπόρια

305 2827 320 2843 V
341 2821 367 2858 ὦ
386 2836 455 2858 om.
475 2825 509 2859 S.
586 2831 601 2847 Χ
621 2824 757 2872 Ῥόδον]
784 2825 844 2869 τὴν
863 2826 966 2871 ῥόδον
985 2827 1057 2860 A.1·.
1143 2832 1158 2859 y
1180 2825 1386 2860 ἀπέστειλας
1407 2825 1536 2864 F.S.Q.
1571 2826 1771 2870 Legebatlu·

249 2876 479 2913 ἀπέσταλκας.
574 2884 591 2902 2
613 2878 701 2924 νυνὶ]
727 2881 784 2912 νῦν
804 2879 877 2913 As.
971 2884 989 2903 Π
1009 2877 1075 2924 οἷς]
1101 2878 1158 2913 οὓς
1179 2879 1219 2913 F.
1305 2875 1324 2902 b
1345 2878 1478 2923 ἐμφανῆ
1499 2879 1552 2912 καὶ
1570 2878 1763 2924 ἀνέπαφον]

248 2929 425 2974 ἀνέπαφον
444 2932 496 2964 καὶ
516 2930 648 2976 ἐμφανῆ
669 2931 744 2966 Λ.ι·.
895 2937 910 2956 ⁰
930 2931 1254 2977 προκαλεσαμένων]
1280 2931 1614 2975 προσκαλεσαμὲνων
1634 2931 1764 2969 F.S.Q.

248 2979 266 3005 (Ῑ
287 2982 365 3017 τοὺς
384 2995 453 3017 om.
474 2985 548 3017 A.r.
646 2989 661 3008 e
682 2984 802 3029 αὐτοῦ]
827 2985 929 3018 αὐτὸν
948 2990 1123 3018 correctus
1146 2986 1180 3018 S.
1267 2982 1278 3003 ¹¹
1295 2985 1329 3017 ἐκ
1352 2986 1490 3018 πολλῶν
1510 2985 1614 3027 δῆλον
1635 2984 1765 3023 F.S.Q.

251 3035 448 3080 chcbatur
467 3037 572 3080 δῆλον
592 3037 627 3070 ἐκ
646 3038 798 3071 πολλῶν.
