2009 3286
136 255 322 298 ——1392‚
343 260 393 287 17.
658 246 660 249 ’
870 242 1186 280 ΕΠΙΤΑΦΙΟΣ.
1678 235 1789 273 1415

261 356 375 409 λοὺς
406 356 498 423 ἔχει
531 354 718 420 λόγους,
747 352 872 404 ὥστε
899 355 974 403 καὶ
1006 352 1112 405 τοὺς
1137 350 1408 416 ἱέμμέτρους
1441 351 1516 399 καὶ
1549 348 1656 400 τοὺς
1695 352 1789 396 τῶν

262 439 499 508 ᾀδομένων
537 436 732 501 ποιητὰς
768 440 843 487 καὶ
877 434 1091 488 πολλοὺς
1126 439 1220 485 τῶν
1253 432 1578 500 συγγραφέων
1613 432 1782 482 ὑποθέ-

200 544 247 572 12
261 544 360 573 σεις
386 520 645 571 1(τάκείνων
679 519 794 584 ε’ργα
827 521 909 581 τῆς
944 519 1097 568 αὑτῶν
1131 519 1361 579 μουσικῆς
1395 517 1698 577 πεποιῆσθαι·
1740 513 1790 563 Ῑᾶ

262 604 310 655 δὲ
342 609 400 672 τῇ
435 603 519 666 μὲν
551 604 663 671 ἀξίᾳ
696 607 790 652 τῶν
825 602 974 668 ἔργων
1000 601 1133 652 οὐδέν
1158 603 1261 651 ἐστι
1292 599 1472 651 τούτων
1497 597 1695 659 ἐλάττω,
1721 601 1842 666 τῲἳο

262 690 300 738 δ’
329 687 665 753 ωὑπογυιότεῤ
694 684 844 736 1[Ιεῖναι
880 690 976 737 τοῖς
1012 683 1198 751 χρόνοις
1232 685 1362 734 οὔπω
1401 681 1788 746 μεμυθολόγηται

261 772 353 822 οὐδ’
386 775 448 824 εἰς
485 769 572 834 τὴν
610 768 812 836 ἡρωϊκὴν
851 771 1106 831 ἐπανῆκται
1141 766 1322 835 Οτάξιν,
1356 767 1481 816 ταῦτ’
1516 766 1604 829 ἤδη
1640 765 1780 833 λέξω.

258 858 419 906 ἐκεῖνοι
444 854 562 905 Ρτὸν
588 854 644 922 ἐξ
667 853 858 914 ἀπάσης
888 856 971 916 τῆς
1000 853 1171 904 Ἀσίας
1204 849 1385 901 στόλον
1416 851 1618 900 ἐλθόντα
1652 849 1787 912 μόνοι

258 941 326 991 δὶς
359 938 596 1002 ἠμύναντο
631 939 707 988 καὶ
745 936 865 988 κατὰ
903 940 993 1002 γῆν
1032 938 1107 986 καὶ
1148 934 1266 986 κατὰ
1306 934 1563 994 θάλατταν,
1599 938 1674 983 καὶ
1711 931 1838 982 διά25

257 1025 352 1071 τῶν
387 1021 513 1071 ἰδίων
546 1019 770 1070 κινδύνων
805 1022 959 1082 κοινῆς
992 1019 1229 1083 σωτηρίας
1262 1022 1385 1068 πᾶσι
1420 1022 1514 1069 τοῖς
1537 1015 1787 1079 ’Έλλησιν

194 1123 244 1164 13
259 1103 396 1154 αἴτιοι
434 1103 751 1167 κατέστησαν.
808 1105 885 1152 καὶ
923 1103 1194 1167 προείρηται
1240 1100 1324 1163 μὲν
1363 1099 1388 1150 ὃ
1426 1100 1591 1164 μέλλω
1631 1100 1787 1164 λέγειν

259 1188 334 1238 ὑπ’
376 1187 542 1237 ἄλλων
585 1185 829 1253 πρότερον,
870 1189 941 1236 δεῖ
981 1185 1028 1236 δὲ
1073 1185 1190 1249 μηδὲ
1235 1191 1317 1235 νῦν
1361 1190 1444 1235 τοῦ
1489 1184 1666 1233 δικαίου
1710 1183 1911 1239 καὶῑ392

257 1275 416 1324 καλῶς
451 1270 640 1337 ε”χοντος
673 1271 864 1321 ἐπαίνου
899 1269 1005 1322 τοὺς
1042 1269 1215 1334 ἄνδρας
1250 1269 1446 1320 ἐκείνους
1479 1270 1782 1333 στερηθῆναι·

257 1355 504 1423 Ἷτοσούτῳ
530 1353 623 1420 γὰρ
650 1355 864 1417 ἀμείνους
896 1357 990 1403 τῶν
1021 1354 1096 1403 ἐπὶ
1124 1353 1328 1415 ΓΤροίαν
1358 1351 1786 1416 στρατευσαμένων

258 1437 498 1503 νομίζοιντ’
531 1438 588 1488 ἂν
614 1437 814 1499 εἰκότως,
843 1437 986 1487 Ξὅσον
1012 1437 1077 1486 ἰοἱ
1111 1435 1195 1498 μὲν
1220 1435 1309 1503 ῑιέξ
1332 1433 1523 1497 ἀπάσης
1558 1437 1641 1497 τῆς
1670 1435 1786 1484 ἒΕλ-

256 1521 403 1575 λάδος
430 1522 586 1575 Χὸντες
613 1523 819 1588 ἀριστεῖς
845 1521 937 1571 δέκ’
961 1521 1040 1584 ε”τη
1066 1523 1148 1583 τῆς
1174 1520 1345 1571 Ἀσίας
1373 1517 1421 1568 ἓν
1450 1518 1622 1585 χωρίον
1647 1527 1815 1569 πολι-5

257 1611 500 1672 ορκοῦντες
534 1604 672 1669 μόλις
709 1605 848 1667 εἷλον,
877 1605 1003 1655 οὗτοι
1030 1604 1079 1655 δὲ
1104 1603 1187 1654 τὸν
1213 1606 1263 1654 ἐκ
1293 1603 1455 1666 πάσης
1486 1606 1568 1665 τῆς
1594 1603 1786 1668 ἠπείρου

257 1689 438 1740 στόλον
464 1688 668 1740 ἐλθόντα
703 1689 851 1752 μόνοι,
876 1689 1038 1740 τᾶλλα
1066 1687 1223 1739 πάντα
1248 1687 1676 1752 κατεστραμμένον,
1705 1688 1787 1736 Υού

258 1771 402 1836 μόνον
428 1773 679 1837 ἠμύναντο,
706 1771 837 1822 ἀλλὰ
870 1775 945 1823 καὶ
980 1772 1204 1837 τιμωρίαν
1237 1770 1352 1836 ὑπὲρ
1378 1768 1443 1821 ὧν
1469 1769 1577 1823 τοὺς
1603 1770 1785 1823 ἄλλους

193 1857 445 1920 14ἠδίκουν
475 1856 722 1919 ἐπέθηκαν.
777 1856 843 1905 ε”τι
881 1856 1036 1906 τοίνυν
1069 1855 1151 1908 τὰς
1185 1857 1233 1905 ἐν
1261 1855 1416 1907 αὐτοῖς
1449 1859 1545 1907 τοῖς
1564 1852 1783 1918 ’Έλλησι
1800 1880 1838 1901 10

257 1940 534 2008 πλεονεξίας
586 1939 845 1993 κωλύοντες
895 1938 1090 2000 πάντας,
1137 1938 1279 1992 ὅσους
1322 1937 1502 2001 συνέβη
1548 1937 1782 2002 γενέσθαι,

257 2023 495 2076 κινδύνους
532 2023 791 2085 ὑπέμειναν,
826 2022 944 2073 ὅπου
979 2021 1032 2072 τὸ
1070 2023 1246 2072 δίκαιον
1281 2021 1347 2084 εἴη
1379 2021 1676 2086 τεταγμένον,
1704 2023 1776 2071 ἐν·

256 2111 407 2158 ταῦθα
444 2107 793 2172 προσνέμοντες
825 2105 1026 2166 ἑαυτοὺς,
1053 2105 1136 2157 ἕως
1170 2108 1231 2157 εἰς
1264 2102 1350 2167 τὴν
1379 2109 1459 2153 νῦν
1487 2104 1646 2169 ζῶσαν
1670 2105 1776 2166 ἡλι-

258 2192 362 2241 κίαν
390 2192 414 2241 ὁ
441 2189 608 2256 χρόνος
633 2188 908 2254 προήγαγεν
934 2190 1070 2251 ἡμᾶς.

195 2289 242 2329 15
335 2275 515 2336 Μηδεὶς
535 2273 572 2323 δ’
596 2273 804 2336 ἡγείσθω
830 2295 887 2335 με
914 2274 1194 2338 ἀποροῦντα,
1211 2271 1262 2321 Ζὸ
1287 2294 1332 2321 τι
1359 2271 1448 2338 χρὴ
1471 2274 1575 2337 περὶ
1601 2270 1780 2321 τούτων
1797 2295 1831 2326 15

257 2361 398 2407 εἰπεῖν
443 2355 658 2416 ἑκάστου,
698 2361 847 2405 ταῦτα
890 2354 950 2404 τὰ
990 2354 1263 2420 πραχθέντα
1309 2353 1689 2418 ἀπηριθμηκέναι.
1743 2357 1779 2403 εὶ

257 2439 350 2504 γὰρ
377 2439 599 2489 ἁπάντων
625 2439 992 2506 ἀμηχανώτατος
1029 2437 1085 2502 ἧν
1112 2438 1136 2487 ὅ
1173 2461 1216 2488 τι
1253 2438 1343 2505 χρὴ
1381 2439 1535 2502 λέγειν
1570 2438 1773 2504 πορίσα-

312 2601 320 2627 ἰ
342 2604 543 2650 ἐμμέτρους]
566 2604 693 2638 Literae
714 2618 857 2649 μετρους
876 2605 912 2638 in
932 2605 1037 2638 litura
1058 2611 1139 2638 sunt
1160 2605 1195 2638 in
1218 2604 1251 2637 S.
1401 2600 1419 2626 k
1441 2602 1599 2636 τάκείνων
1621 2600 1701 2634 O.v.
1738 2601 1779 2633 τὰ

257 2656 390 2689 ἐκείνων
409 2657 528 2702 vulgo.
623 2654 632 2681 Ῑ
653 2657 673 2690 ἂ
693 2670 713 2691 a
733 2669 779 2690 m.
801 2669 868 2692 rec.
890 2658 995 2691 habet
1018 2658 1052 2691 S.
1144 2664 1172 2682 ΠΙ
1194 2656 1427 2702 ὑπογυώτερ’]
1453 2653 1659 2700 ὑπογυώτερ’
1684 2654 1777 2690 Y.Q.

258 2709 339 2743 ΟΝ.
375 2709 600 2755 ὑπογυωτερω
623 2711 657 2744 S.
681 2711 790 2744 altero
811 2725 836 2743 ω
857 2711 891 2743 in
912 2725 931 2743 α
952 2717 1100 2744 mutam.
1231 2715 1245 2730 ¹’
1269 2707 1351 2744 εἶναι
1371 2722 1441 2744 om.
1464 2721 1495 2742 v.
1623 2712 1640 2729 ⁰
1660 2707 1772 2752 τάξιν]

256 2759 350 2798 φύσιν
1679 2786 1714 2803 ον

255 2806 351 2849 τάξιν
374 2805 456 2838 F.Y.
493 2804 604 2849 φύσιν
624 2805 715 2843 (2⁴0.
828 2812 846 2838 P
866 2806 942 2852 τὸν]
967 2807 1026 2839 τὸν
1045 2809 1106 2850 μέν
1127 2807 1207 2841 ΟΝ.
1312 2813 1329 2839 q
1350 2804 1522 2852 τοσούτῳ]
1546 2805 1715 2838 τοσούτωι
1738 2802 1776 2835 F.

258 2888 272 2907 Γ
291 2882 431 2928 Τροίαν]
454 2883 550 2927 τροία
570 2896 601 2917 v.
687 2889 701 2908 S
723 2884 824 2931 ὅσον]
850 2869 934 2919 ὅσθιὶ
956 2885 995 2919 F.
1030 2885 1102 2919 ὅσω
1122 2899 1154 2921 ν.
1241 2885 1255 2910 t
1276 2887 1306 2919 οἱ
1325 2885 1386 2928 μέν
1406 2884 1443 2927 ἐξ
1461 2883 1596 2925 ἁπάσης
1616 2895 1636 2916 a
1655 2895 1701 2916 m.
1722 2893 1774 2926 pr.

257 2935 397 2975 omissa,
419 2936 479 2969 sed
498 2949 518 2970 a
536 2949 583 2970 m.
606 2938 813 2983 perantiqua
832 2939 951 2972 addita
970 2944 1051 2972 sunt
1072 2940 1107 2972 in
1129 2940 1164 2973 S.
1310 2944 1331 2962 ¹1
1349 2938 1386 2982 ἐξ
1406 2935 1557 2981 ἁπάσης]
1582 2935 1724 2979 ἕλληνες
1742 2947 1773 2967 v.

257 2993 272 3009 Χ
297 2989 381 3022 Post
402 2988 495 3024 ὄντες
515 2995 649 3035 septem
669 2991 723 3024 vel
743 2997 823 3025 octo
843 2992 1021 3026 literarum
1041 2993 1167 3026 lacuna
1186 2998 1239 3026 cst
1259 2992 1293 3025 in
1317 2992 1351 3024 S.
1468 2995 1485 3022 Υ
1506 2990 1545 3022 οὐ
1565 2988 1668 3032 μόνον
1688 3001 1708 3022 a
1727 2999 1773 3020 m.

256 3042 359 3074 tertia
379 3042 413 3074 in
435 3054 543 3087 marg.
565 3043 670 3077 habet
693 3044 728 3077 S.
814 3052 829 3069 Z
850 3043 868 3077 ὅ
888 3044 936 3090 τι]
962 3045 995 3078 τί
1015 3045 1179 3079 S.Y.O.v.

960 3120 982 3143 K
1010 3106 1030 3144 k
1058 3119 1078 3146 2
