2009 3286
67 228 320 277 —1164,16.
488 229 628 267 ΚΑΤΑ
665 229 844 267 ΕΎΕΡΓ.
883 225 975 265 ΚΑΙ
1010 228 1238 265 ΜΝΗΣΙΒ.
1271 226 1431 264 ΨΕΥΔ.
1612 222 1722 265 ]189

191 338 341 402 πιστὴ
368 341 475 403 ὑμῖν
502 339 662 408 ἔδοξεν
689 338 804 391 εῖναι
839 341 914 389 καὶ
942 338 1035 403 ἐγὼ
1064 338 1254 406 φεύγειν
1291 337 1373 387 τὸν
1407 336 1606 402 ε”λεγχον
1639 334 1721 385 τὸν

190 424 240 472 ἐκ
278 425 360 486 τῆς
401 423 667 489 ἀνθρώπου,
708 429 790 474 νῦν
828 422 1209 492 ἐξελεγχομένων
1248 423 1402 472 αὐτῶν
1435 422 1588 489 ψευδῆ
1632 442 1717 482 με-

190 505 558 572 μαρτυρηκότων
585 509 661 557 καὶ
688 508 741 557 οὐ
767 505 1125 572 παραδιδόντων
1156 505 1242 570 τὴν
1269 506 1519 571 ἄνθρωπον
1544 506 1718 567 βοηθῆ-
1741 525 1773 554 ¹5

191 590 281 640 σαί
302 613 396 653 μοι,
422 594 459 641 εἰ
496 592 532 641 δ’
563 592 661 654 ἐμοὶ
690 590 981 656 ἰὠργίσθητε
1021 591 1092 642 ὅτι
1131 589 1428 657 ἐνεχυράσων
1463 588 1612 653 ἦλθον
1648 590 1721 639 ἐπὶ

191 674 278 737 τὴν
303 676 451 726 οἰκίαν
478 675 563 738 τὴν
589 680 672 726 τοῦ
699 674 973 743 Θεοφήμου,
1001 677 1075 725 καὶ
1103 674 1284 727 τούτοις
1321 679 1403 723 νῦν
1440 674 1722 737 ὀργισθῆναι

106 778 180 806 ιοο
194 757 264 808 ὅτι
296 760 371 809 ἐπὶ
397 758 482 822 τὴν
508 758 622 822 ἐμὴν
647 757 814 822 ἦλθον.
870 760 945 808 καὶ
973 758 1065 823 ἐγὼ
1092 758 1176 820 μὲν
1205 756 1294 808 ὑπὸ
1324 755 1481 818 νόμων
1512 758 1588 805 καὶ
1615 760 1715 822 ψη·

193 841 450 909 φισμάτων
477 841 851 907 ἀναγκαζόμενος
889 841 1114 907 πρόνοιαν
1149 840 1446 905 ἐποιησάμην
1484 845 1566 889 τοῦ
1604 838 1721 902 μήτε
1736 861 1776 882 20

192 926 266 976 ἐπὶ
306 925 388 976 τὸν
426 925 606 992 πατέρα
641 925 724 977 τὸν
763 926 929 976 τούτου
965 929 1197 976 εἰσελθεῖν
1237 923 1353 988 μήτε
1395 925 1469 974 ἐπὶ
1505 922 1591 988 τὴν
1625 946 1716 986 μη-

191 1009 314 1076 τέρα,
342 1009 460 1074 μήτε
499 1015 593 1060 τῶν
619 1016 701 1061 τοῦ
728 1012 941 1077 ἀδελφοῦ
974 1014 1141 1070 λαβεῖν
1179 1007 1336 1072 μηδὲν,
1364 1008 1474 1057 ἀλλ’
1504 1007 1557 1057 οῦ
1584 1005 1723 1059 αὐτὸς

192 1092 300 1162 ᾤκει
337 1096 361 1144 ὁ
390 1094 662 1162 Θεόφημος·
707 1096 782 1144 καὶ
816 1093 973 1157 ἐπειδὴ
1009 1094 1062 1143 οὐ
1098 1092 1366 1153 κατέλαβον
1398 1090 1539 1141 αὐτὸν
1575 1091 1719 1152 ἔνδον,

192 1178 280 1244 οὐχ
327 1176 549 1244 ἁρπάσας
599 1178 792 1246 ᾠχόμην
834 1176 980 1239 οὐδὲν,
1025 1174 1155 1226 ἀλλὰ
1206 1179 1448 1240 μετελθεῖν
1496 1173 1721 1224 ἐκέλευσα

100 1287 172 1314 101
193 1260 349 1324 αὐτὸν,
377 1264 452 1312 καὶ
486 1262 736 1328 παρόντος,
764 1263 845 1312 οὐκ
882 1261 1098 1320 ἀπόντος,
1126 1260 1211 1324 τὴν
1247 1260 1555 1327 ἐνεχυρασίαν
1587 1260 1715 1308 ἐποι-
1734 1279 1771 1309 ²5

192 1344 399 1410 ησάμην,
426 1347 501 1396 καὶ
540 1345 883 1412 ἀφαιρούμενος
919 1347 1097 1413 ἀφῆκα,
1133 1346 1208 1394 καὶ
1246 1342 1490 1406 Κάνῆλθον
1527 1343 1600 1392 ἐπὶ
1635 1341 1721 1404 τὴν

192 1428 376 1493 βουλὴν
421 1428 529 1482 τοῦς
571 1429 766 1494 κυρίους,
812 1431 887 1479 καὶ
930 1429 1233 1493 εἰσαγγείλας
1280 1430 1354 1477 καὶ
1401 1426 1524 1476 ἑλών
1572 1428 1620 1475 ἐν
1664 1429 1722 1491 τῇ

192 1517 349 1581 βουλῇ
375 1516 592 1580 ἀποχρῆν
618 1512 875 1579 ἡγησάμην
910 1511 970 1562 τὰ
996 1511 1081 1575 μὲν
1107 1512 1253 1575 σκεύη
1281 1513 1545 1569 ἀπολαβεῖν
1572 1509 1718 1569 ἁπλᾶ,

193 1599 298 1664 περὶ
334 1596 382 1648 δὲ
419 1601 515 1647 τῶν
549 1601 753 1662 πληγῶν
788 1596 1051 1664 ἐπιτρέψαι,
1079 1599 1145 1665 τῷ
1181 1594 1230 1646 δὲ
1267 1593 1491 1658 τιμήματι
1519 1616 1714 1659 συγχω-
1739 1605 1847 1654 1164

103 1703 180 1731 102
192 1686 354 1749 ρῆσαι.
412 1681 537 1733 ὥστε
564 1680 655 1747 ἐγώ
681 1681 764 1743 μὲν
792 1682 912 1732 οὕτω
944 1679 1113 1747 1προῖος
1146 1681 1252 1746 περὶ
1279 1679 1471 1732 τούτους
1496 1676 1567 1741 ἧν,
1595 1678 1721 1727 οὗτοι

194 1767 243 1818 δὲ
281 1768 427 1820 οὕτως
473 1770 695 1833 ἀσελγεῖς
741 1769 817 1817 καὶ
860 1767 1083 1831 βδελυροὶ
1127 1763 1240 1815 ὥστ’
1283 1765 1358 1814 ἐπὶ
1399 1762 1484 1826 τὴν
1525 1765 1723 1827 γυναῖκα

194 1854 269 1902 καὶ
306 1850 366 1901 τὰ
402 1852 564 1902 παιδιά
601 1853 769 1911 ἐλθεῖν,
802 1850 985 1917 ἔχοντες
1019 1849 1103 1911 μὲν
1144 1848 1203 1898 τὰ
1238 1847 1460 1914 πρόβατα
1500 1848 1574 1895 καὶ
1614 1842 1721 1897 τοὺς

195 1933 384 1996 οἰκέτας,
429 1934 647 1986 πλείονος
687 1933 798 2001 ἄξια
835 1930 864 1996 ἢ
908 1930 1289 1992 κατεδικάσαντο,
1333 1925 1748 1988 ωάναβαλόμενοιε

195 2017 243 2068 δὲ
288 2017 374 2082 τὴν
416 2017 742 2083 ὑπερημερίαν,
787 2017 1156 2082 ἐπαγγείλαντος
1207 2016 1248 2064 δ’
1295 2015 1407 2076 ἐμοῦ
1449 2010 1720 2076 κομίζεσθαι

103 2103 378 2164 103Παὺτοῖς
411 2100 497 2164 τὴν
523 2102 670 2165 δίκην,
698 2103 759 2153 ὡς
785 2098 1135 2165 μεμαρτύρηται
1171 2099 1291 2160 ὑμῖν,
1318 2098 1394 2146 καὶ
1426 2095 1720 2148 εἰσελθόντες

195 2190 256 2238 εἰς
281 2184 367 2249 τὴν
394 2186 540 2235 οἰκίαν
567 2183 626 2234 τά
651 2206 700 2234 τε
727 2184 873 2247 σκεύη
899 2184 1163 2249 ἐκφορῆσαι
1198 2178 1284 2244 τήν
1318 2202 1367 2230 τε
1403 2178 1564 2242 τιτθὴν
1591 2201 1714 2243 συγ-

194 2269 358 2339 κόψαι,
398 2274 548 2335 γραῦν
583 2272 795 2333 γυναῖκα,
834 2267 966 2317 ἕνεκα
1007 2264 1219 2329 κυμβίου,
1262 2265 1336 2314 καὶ
1375 2268 1522 2314 ταῦτα
1563 2261 1719 2313 πάντα
1738 2291 1773 2311 10

195 2354 260 2405 ε”τι
300 2354 419 2421 ἔχειν
458 2355 534 2403 καὶ
567 2351 632 2416 μὴ
667 2350 940 2402 ἀποδιδόναι
979 2348 1261 2401 ἐκτετικότος
1299 2349 1411 2411 ἐμοῦ
1450 2345 1534 2410 τὴν
1575 2346 1720 2409 δίκην,

107 2454 184 2492 104
197 2437 353 2503 χιλίας
379 2437 677 2502 0τριακοσίας
703 2437 964 2500 Ρδεκατρεῖς
992 2433 1064 2484 δύ’
1094 2431 1272 2492 ὀβολώ.
1314 2436 1351 2481 εἰ
1378 2430 1433 2481 δέ
1453 2454 1522 2484 τις
1549 2428 1721 2494 ἀγνοή-

197 2543 290 2574 σας
316 2520 484 2574 αὑτοῦς
522 2520 626 2570 τότε
658 2517 858 2571 ἀκάκους
891 2518 1108 2584 ἡγήσατο
1142 2519 1218 2567 καὶ
1244 2515 1554 2582 ἀπράγμονας
1594 2512 1721 2575 εἶναι,

197 2604 434 2668 βούλομαι
476 2607 581 2667 ὑμῖν
611 2605 717 2669 περὶ
756 2604 909 2653 αὐτῶν
948 2601 1031 2655 τὰς
1065 2602 1322 2668 μαρτυρίας
1358 2602 1637 2665 ἀναγνῶναι,
1665 2595 1772 2658 ἃςι5

197 2688 589 2755 μεμαρτυρήκασί
617 2711 695 2752 μοι
731 2692 772 2738 οἱ
800 2686 890 2738 ὑπὸ
921 2686 1099 2737 τούτων
1130 2685 1405 2748 ἠδικημένοι·
1448 2683 1578 2750 λόγῳ
1606 2690 1623 2715 ‘¹
1637 2680 1722 2744 μὲν

255 2872 264 2899 i
285 2874 494 2921 ὠργίσθητε]
519 2873 704 2920 ὀργισθῆτε
727 2872 813 2911 F.Q.
938 2868 955 2895 k
977 2870 1143 2916 ἀνῆλθον]
1167 2870 1321 2913 ἀπῆλθον
1343 2869 1378 2901 S.
1497 2865 1500 2885 ¹
1522 2865 1645 2910 πρᾶος]
1667 2866 1724 2907 μέ-

201 2942 293 2973 τριος
313 2943 368 2973 γρ.
391 2928 480 2966 RQ.
594 2933 623 2951 m
644 2925 910 2970 ἀναβαλόμενοι]
937 2925 1211 2967 ἀναβαλλόμενοι
1234 2923 1319 2960 RQ.
1410 2926 1428 2943 ¹¹
1449 2919 1563 2953 αὐτοῖς
1585 2919 1626 2951 B.
1660 2918 1725 2951 Lc-

202 2982 350 3027 gebatur
370 2979 503 3016 αὐτούς.
556 2980 660 3014 Conf,
683 2980 726 3013 ad
758 2991 790 3024 p.
816 2977 924 3017 1162,
951 2988 1008 3023 13.
1150 2984 1166 3000 ‘¹
1188 2973 1401 3022 τριακοσίας]
1425 2972 1649 3018 τετρακοσίας
1668 2985 1724 3016 γρ.

203 3035 290 3074 RQ.
404 3040 422 3066 P
443 3033 629 3079 δεκατρεῖς]
655 3033 737 3067 Vid.
761 3033 803 3065 ad
824 3045 859 3077 p.
889 3030 999 3078 1158,
1026 3038 1084 3076 25.
1198 3036 1215 3061 ‘1
1235 3029 1296 3072 μὲν
1317 3039 1386 3061 om.
1413 3027 1452 3060 B.

261 3109 355 3134 VOL.
378 3108 438 3133 w.
957 3106 980 3129 1·,
