2009 3286
242 217 353 257 1432
768 216 1231 272 [ΔΗΜΟΣΘΕΝΟΎΣ]
1343 217 1424 256 Olz.
1444 215 1573 256 LXI.
1598 230 1634 270 p.
1663 215 1778 266 1408,
1795 228 1892 252 20—-

238 334 333 381 τῶν
357 330 703 396 ἀγωνισμάτων
729 333 804 382 καὶ
830 330 1046 394 μάλιστα
1083 330 1201 396 πρὸς
1240 330 1325 394 τὴν
1359 335 1540 380 σαυτοῦ
1576 336 1595 355 a
1613 329 1761 395 φύσιν
1779 350 1820 371 20

242 414 477 479 ἁρμόττον
505 416 720 484 ἐξελέξω,
749 419 806 483 τῇ
834 414 918 478 μὲν
946 415 1172 482 συνηθείᾳ
1191 419 1285 464 τῶν
1306 413 1471 465 ὅπλων
1492 415 1566 463 καὶ
1592 416 1650 480 τῇ
1674 416 1768 462 τῶν

243 498 430 562 δρόμων
482 500 741 567 φιλοπονίᾳ
799 504 896 553 τοῖς
945 502 993 550 ἐν
1044 503 1110 567 τῷ
1173 498 1368 566 πολέμῳ
1420 497 1770 560 συμβαίνουσιν

244 580 554 644 ὡμοιωμένον,
587 585 644 648 τῇ
684 581 733 632 δὲ
771 581 1154 648 μεγαλοπρεπείᾳ
1189 582 1263 630 καὶ
1302 585 1360 648 τῇ
1397 579 1651 643 σεμνότητι
1688 581 1770 642 τῆς

244 667 547 731 παρασκευῆς
582 663 703 731 πρὸς
734 665 819 729 τὴν
845 670 939 715 τῶν
966 669 1085 715 θεῶν
1112 664 1308 728 δύναμιν
1334 664 1622 726 εἰκασμένον,
1650 662 1769 729 πρὸς

245 747 294 799 δὲ
314 748 494 802 τούτοις
515 750 714 813 ἡδίστην
735 748 819 811 μὲν
840 749 950 799 θέαν
971 749 1092 815 ἕχον,
1114 750 1162 798 ἐκ
1183 750 1426 799 πλείστων
1447 747 1495 799 δὲ
1522 749 1597 798 καὶ
1623 746 1768 798 1)παν-
1782 764 1819 793 25

245 833 594 884 τοδαπωτάτων
619 834 939 898 συγκείμενον,
967 834 1207 898 μεγίστων
1234 834 1271 882 δ’
1300 833 1463 883 ἄθλων
1490 830 1766 900 ἠξιωμένον·

178 947 233 988 32
246 918 365 983 πρὸς
391 917 484 983 γὰρ
519 922 615 970 τοῖς
649 917 904 980 τιθεμένοις
941 915 995 966 τὸ
1031 919 1363 982 γυμνασθῆναι
1400 920 1475 967 καὶ
1512 918 1771 978 μελετῆσαι

248 1007 441 1052 τοιαῦτα
481 1002 534 1052 οὐ
576 1000 742 1068 μικρὸν
786 999 936 1052 ἆθλον
977 1001 1340 1070 προφανήσεται
1385 1006 1481 1054 τοῖς
1525 1007 1541 1027 ⁰
1562 1002 1638 1051 καὶ
1682 1023 1763 1063 με·
1788 1014 1896 1055 1409

246 1086 382 1150 τρίως
422 1087 587 1151 ἀρετῆς
625 1085 893 1153 ἐφιεμένοις.
955 1085 1202 1150 τεκμήριον
1248 1085 1296 1136 δὲ
1332 1086 1561 1150 μέγιστον
1606 1083 1663 1134 ἄν
1703 1106 1772 1136 τις

246 1169 498 1234 ποιήσαιτο
536 1169 622 1234 τὴν
646 1170 862 1235 Ὁμήρου
898 1171 1106 1234 ποίησιν,
1132 1172 1180 1220 ἐν
1206 1167 1236 1238 ᾗ
1277 1171 1352 1219 καὶ
1384 1169 1491 1222 τοὺς
1521 1167 1772 1232 ΓΈλληνας

248 1255 325 1304 καὶ
363 1253 469 1306 τοὺς
513 1253 788 1320 βαρβάρους
832 1253 950 1317 μετὰ
992 1255 1008 1281 ‘¹

248 1336 496 1401 μήσαντας
533 1338 785 1400 πεποίηκεν
820 1338 1071 1402 ἀλλήλοις·
1115 1338 1181 1389 ἔτι
1216 1337 1263 1388 δὲ
1299 1341 1374 1389 καὶ
1410 1343 1491 1387 νῦν
1525 1341 1620 1386 τῶν
1655 1336 1803 1386 Βπό-5

1027 1254 1242 1318 τοιαύτης
1282 1255 1584 1319 παρασκευῆς
1628 1259 1772 1303 πολε-

249 1427 372 1471 λεων
409 1425 505 1471 τῶν
544 1421 846 1484 Ἐλληνίδων
884 1422 937 1471 οὐ
974 1426 1075 1475 ταῖς
1108 1420 1475 1482 ταπεινοτάταις,
1510 1418 1641 1470 ἀλλὰ
1675 1423 1775 1472 ταῖς

180 1533 234 1575 33
250 1504 496 1570 μεγίσταις
536 1506 585 1554 ἐν
625 1510 721 1558 τοῖς
756 1507 913 1570 ἀγῶσι
948 1499 1158 1572 χρῆσθαί
1192 1504 1393 1568 σύνηθές
1432 1505 1577 1555 ἐστιν.
1629 1503 1657 1565 ἡ
1693 1501 1777 1564 μὲν

251 1589 333 1638 οὖν
376 1589 650 1653 προαίρεσις
691 1590 812 1639 οὕτω
855 1588 978 1651 καλὴ
1027 1592 1103 1639 καὶ
1148 1587 1278 1654 παρὰ
1318 1592 1468 1639 πᾶσιν
1512 1586 1776 1653 ἀνθρώποις

251 1674 545 1738 ἠγαπημένη.
604 1673 801 1740 νομίζων
827 1672 895 1724 ΪΡδ’
925 1674 1057 1724 οὐδὲν
1083 1673 1197 1725 εἶναι
1227 1675 1468 1740 προῦργου
1493 1677 1588 1723 τῶν
1614 1694 1770 1722 σπου-

252 1757 510 1808 δαιοτάτων
536 1759 773 1819 ἐπιθυμεῖν
799 1756 902 1808 οὐδὲ
929 1762 1087 1811 καλῶς
1125 1757 1244 1824 πρὸς
1275 1756 1461 1808 ἅπαντα
1493 1758 1591 1806 goie}
1615 1760 1770 1823 πεφυ-
1794 1773 1830 1793 10

252 1840 376 1891 κέναι
419 1840 473 1890 τὸ
515 1845 658 1904 σῶμα
701 1840 766 1904 μὴ
808 1844 889 1900 τῆς
935 1845 1096 1908 ψυχῆς
1141 1843 1403 1909 φιλοτίμως
1446 1863 1772 1907 παρεσκευασ-

252 1924 406 1989 μένης,
445 1924 532 1988 τὴν
575 1924 660 1987 μὲν
698 1925 985 1992 φιλοπονίαν
1031 1924 1231 1979 ὴεύθέως
1272 1928 1321 1976 ἐν
1362 1931 1458 1979 τοῖς
1499 1925 1777 1991 γυμνασίοις

253 2008 596 2078 ἐπιδειξάμενος
636 2010 728 2060 οὐδ’
770 2012 819 2060 ἐν
857 2015 953 2064 τοῖς
986 2010 1139 2076 ἔργοις
1177 2009 1385 2078 ἐψεύσω,
1424 2009 1511 2073 τὴν
1545 2012 1586 2059 δ’
1620 2008 1779 2072 ἄλλην

254 2093 528 2161 ἐπιφάνειαν
562 2096 643 2156 τῆς
683 2092 883 2144 ἱσαυτοῦ
920 2094 1112 2161 φύσεως
1148 2095 1224 2143 καὶ
1262 2092 1347 2157 τὴν
1384 2096 1467 2157 τῆς
1503 2096 1665 2161 ψυχῆς
1698 2094 1776 2142 ἀν-

188 2204 245 2246 34
257 2179 412 2243 δρείαν
439 2180 486 2227 ἐν
511 2182 606 2230 τοῖς
633 2179 792 2242 ἀγῶσι·
815 2176 1010 2240 μάλιστ’
1039 2176 1264 2245 ἐνεδείξω.
1319 2179 1423 2242 περὶ
1451 2174 1516 2227 ὧν
1546 2178 1667 2227 ὀκνῶ
1693 2176 1777 2239 μὲν
1795 2194 1829 2225 ι5

259 2261 499 2329 ἄρξασθαι
527 2260 694 2325 λέγειν,
720 2260 784 2324 μὴ
812 2265 996 2328 λειφθῶ
1022 2263 1089 2328 τῷ
1122 2259 1255 2329 λόγῳ
1290 2265 1385 2310 τῶν
1423 2259 1527 2310 τότε
1554 2259 1775 2326 ι’γεγενη-

257 2346 422 2409 μένων,
449 2344 574 2407 ὅμως
612 2345 651 2393 δ’
680 2346 732 2394 οὐ
773 2344 1077 2411 παραλείψω·
1122 2346 1196 2393 καὶ
1236 2343 1329 2410 γὰρ
1363 2344 1566 2411 αἰσχρὸν
1603 2344 1633 2394 ἃ
1668 2348 1779 2394 θεω-

256 2434 455 2495 ροῦντας
493 2429 613 2490 ἡμᾶς
657 2428 905 2495 εὐφραίνει,
952 2428 1078 2477 ταῦτ’
1120 2429 1412 2492 ἀπαγγεῖλαι
1447 2427 1513 2491 μὴ
1558 2427 1775 2478 1ἐθέλειν.

258 2511 468 2565 ἅπαντας
512 2510 596 2573 μὲν
642 2512 722 2561 οὖν
767 2516 803 2560 εὶ
848 2518 877 2536 ““
898 2511 1116 2578 διεξιοίην
1162 2511 1269 2565 τοὺς
1320 2513 1520 2576 ἀγῶνας,
1567 2512 1681 2565 ’ίσως
1723 2511 1780 2562 ἂν
1794 2537 1834 2558 20

258 2594 450 2661 ἄκαιρον
488 2596 637 2658 μῆκος
672 2595 781 2657 ἡμῖν
826 2594 1082 2659 ἐπιγένοιτο
1119 2599 1185 2664 τῷ
1226 2595 1373 2664 λόγῳ·
1418 2595 1518 2648 ἑνὸς
1555 2598 1609 2657 δ’,
1647 2598 1695 2645 ἐν
1742 2594 1779 2664 ᾧ

315 2764 334 2782 a
353 2756 464 2802 φῦσιν
484 2769 552 2790 om.
576 2769 607 2790 v.
721 2753 739 2779 b
766 2757 1099 2803 παντοδαπωτιὶτων]
1127 2758 1327 2803 chcbatul·
1347 2757 1583 2790 παντοδαπῶν.
1695 2762 1710 2781 ⁰
1730 2758 1783 2790 καὶ

261 2823 331 2845 om.
356 2810 400 2844 Ο.
515 2807 533 2835 d
554 2808 711 2853 τοιαύτης
732 2810 881 2844 codices.
914 2809 1084 2853 τοσαύτης
1104 2811 1221 2855 Vulgo.
1335 2816 1350 2835 ⁰
1370 2809 1521 2855 πόλεων]
1545 2810 1717 2853 πολεμίων
1738 2810 1781 2843 O.

261 2861 276 2888 s
290 2863 320 2897 δ’
342 2876 412 2897 om.
437 2863 472 2897 S.
495 2869 530 2896 et
547 2875 599 2908 pr.
621 2863 662 2896 Y.
812 2868 831 2895 g
850 2863 901 2896 ἀεὶ
921 2863 1037 2896 addidi
1057 2875 1098 2897 ex
1121 2863 1244 2899 S.O.v.
1390 2860 1410 2887 h
1439 2863 1474 2896 ἐν
1493 2864 1564 2898 τοῖς
1583 2863 1784 2908 γυμνασίοις

262 2917 384 2951 εὐθέως
406 2916 569 2951 S.Y.O.v.
602 2916 801 2961 chcbatur
822 2916 943 2951 εὐθέως
964 2916 998 2949 ἐν
1018 2918 1089 2951 τοῖς
1107 2917 1321 2961 γυμνασίοις.
1409 2914 1417 2941 i
1440 2915 1586 2961 σαυτοῦ]
1611 2916 1713 2950 αὐτοῦ
1735 2915 1780 2949 Ο.

262 2966 281 2993 k
303 2969 550 3015 γεγενημένων]
575 2969 783 3015 γιγνομένων
806 2969 842 3003 S.
993 2969 998 2990 ¹
1029 2968 1176 3014 ἐθέλειν]
1202 2970 1312 3003 θέλειν
1334 2970 1405 3003 S.v.
1554 2975 1584 2993 ¹¹¹
1605 2967 1780 3014 διεξιοίην]

264 3022 407 3066 διεξοίην
428 3022 555 3060 F.S.Q.
586 3023 743 3066 διεξίοιμι
763 3035 796 3056 v.
