2009 3286
49 230 237 283 —1167‚
261 246 309 270 13.
624 231 766 270 KATA
799 230 1262 269 ΟΛὙΜΠΙΟΔΩΡΟΎ.
1595 224 1702 268 1191

173 345 299 388 θενται,
326 346 417 380 Ζτὸν
441 346 502 389 μὲν
527 343 809 389 Ὀλυμπιόδωρον
832 344 1067 389 ἀμφισβητεῖν
1097 343 1180 377 ὅλου
1203 345 1264 376 τοῦ
1297 340 1436 385 κλήρου,
1461 340 1521 373 τὸν
1544 340 1580 373 δὲ
1609 341 1702 372 Καλ-

173 409 361 455 λίστρατον
379 411 440 444 τοῦ
460 409 671 454 ἡμικληρίου.
708 407 987 454 στρατευομένων
1013 407 1049 441 δὲ
1068 404 1255 450 Ἀθηναίων
1281 405 1327 439 εἷς
1350 401 1569 448 Ἀκαρνανίαν
1594 401 1704 449 ᾤχετο
1726 392 1830 432 [166

172 474 225 506 καὶ
244 471 537 517 Ὀλυμπιόδωρος·
569 470 609 515 ἦν
627 473 694 518 γὰρ
719 476 787 506 τῶν
811 472 847 506 ἐκ
872 470 1077 517 καταλόγου.
1117 472 1175 513 τῆς
1202 470 1238 503 δέ
1267 469 1380 513 κυρίας
1406 467 1578 509 ἐνστάσης
1603 466 1635 498 οἱ
1655 465 1704 498 δι-

171 538 306 578 κασταὶ,
337 538 518 583 πρόφασιν
544 536 606 579 τὴν
636 537 819 582 στρατείαν
850 533 933 569 εἶναι
962 535 1174 574 πεισθέντες,
1205 533 1340 566 ἀνεῖλον
1368 531 1479 564 αὐτῶν
1507 530 1568 573 τὴν
1596 529 1702 562 διαδι-

172 600 304 635 κασιάν·
337 602 390 635 διό
420 602 511 646 φησι
537 600 803 646 Καλλίστρατος
830 603 883 634 καὶ
909 599 1011 634 αὐτὸς
1042 599 1219 632 ἱὶἐκλιπεῖν
1247 597 1308 640 τὴν
1333 598 1395 629 τοῦ
1424 592 1623 639 ἡμικληρίου
1653 592 1734 627 δί-5

173 679 243 708 κην,
275 668 348 701 ταῖς
375 666 556 710 συνθήκαις
590 666 753 710 ἐμμένων,
788 664 902 707 ἐπειδὴ
935 665 1027 706 κοινῇ
1055 663 1165 696 πάντα
1198 662 1359 706 πράττειν
1384 660 1555 694 ἐκέλευον.
1595 657 1639 692 ὡς
1669 657 1707 691 δὲ

172 730 360 773 ἐπανῆλθεν
390 730 458 764 ἀπὸ
491 732 550 774 τῆς
577 728 758 776 στρατείας
782 728 1075 773 Ὀλυμπιόδωρος,
1107 724 1337 770 ἶ’παλινδικίᾳ
1364 726 1486 770 χρῆται
1511 724 1596 768 πρὸς
1626 721 1707 757 τοὺς

172 795 381 837 νενικηκότας
411 796 463 828 καὶ
493 795 594 830 αὐτὸς
625 795 677 828 καὶ
709 795 726 826 ὁ
757 793 1032 837 Καλλίστρατος,
1061 792 1245 826 δεδωκότος
1272 792 1374 824 τοῦτο
1405 791 1466 822 τοῦ
1497 786 1614 831 νόμου.
1653 786 1707 819 καὶ

170 858 437 903 ἀμφισβητοῦσι
461 861 523 893 τοῦ
549 859 676 905 κλήρου
702 858 851 903 καθάπερ
879 858 917 901 ἐξ
947 857 1065 903 ἀρχῆς,
1095 858 1113 889 ὁ
1147 857 1208 901 μὲν
1236 858 1297 889 τοῦ
1329 860 1344 879 C
1361 854 1512 898 ἡμίσεος,
1538 854 1556 885 ὁ
1587 852 1623 886 δέ
1653 851 1706 885 καὶ
1723 861 1760 882 10

170 925 232 956 τοῦ
252 922 348 958 ὅλου.
388 925 554 968 πρότερος
574 924 610 957 δέ
629 924 741 968 λέγων
760 921 1043 966 Ὀλυμπιόδωρος
1070 923 1142 965 νικᾷ
1168 921 1227 954 τὸν
1247 921 1385 964 κλῆρον.
1427 917 1566 961 νικήσας
1592 917 1628 950 δὲ
1655 918 1707 949 καὶ

171 988 289 1027 λαβὼν
320 985 402 1020 ὅλον
432 987 492 1020 οὐκ
527 987 660 1031 ἐμμένει
683 988 757 1021 ταῖς
787 985 981 1029 συνθήκαις,
1017 982 1088 1020 (Ῑᾶς
1118 985 1156 1029 ἐξ
1184 984 1290 1029 ἀρχῆς
1320 982 1519 1027 ἐποιήσατο,
1551 981 1630 1014 οὐδὲ
1657 980 1706 1014 δί-

172 1051 259 1084 δωσι
290 1051 331 1084 τὰ
361 1051 466 1095 ἡμίσῃ
493 1054 541 1098 τῷ
573 1051 837 1096 Καλλιστράτῳ.
879 1051 896 1082 ὁ
930 1050 966 1083 δέ
999 1050 1101 1083 αὐτὸν
1131 1048 1265 1082 ἀπαιτεῖ
1299 1049 1351 1082 καὶ
1378 1051 1445 1081 τῶν
1475 1044 1707 1089 ἑβδομήκοντα
1723 1053 1758 1084 15

172 1119 264 1159 μνῶν
282 1119 350 1149 τῶν
368 1116 459 1161 παρὰ
485 1119 545 1150 τοῦ
573 1115 780 1160 Μοσχίωνος
807 1115 846 1148 τὸ
874 1114 978 1157 ἥμισυ
1007 1115 1059 1147 καὶ
1090 1115 1149 1156 τῆς
1173 1113 1255 1156 ὅλης
1282 1112 1414 1152 οὐσίας,
1434 1112 1506 1145 ταῖς
1526 1107 1708 1152 συνθήκαις

175 1179 443 1226 ἰσχυριζόμενος,
463 1182 517 1214 καὶ
536 1180 648 1226 λέγων
674 1181 725 1213 καὶ
753 1180 787 1213 ἐν
814 1181 854 1222 τῇ
880 1179 1058 1222 τελευταίᾳ
1087 1178 1161 1221 δίκῃ
1183 1175 1486 1222 συναγωνίσασθαι
1512 1176 1558 1221 τῷ
1577 1172 1708 1216 Ὀλυμ-

174 1244 344 1291 πιοδώρῳ,
367 1245 419 1278 καὶ
445 1245 770 1290 θσυγκεχωρηκέναι
797 1244 849 1276 καὶ
876 1243 955 1277 τοὺς
984 1244 1109 1287 λόγους
1137 1242 1242 1275 εἰπεῖν
1270 1240 1327 1275 οὓς
1354 1238 1518 1280 ἐβούλετο
1543 1238 1595 1271 καὶ
1621 1238 1708 1282 μάρ-

176 1323 278 1354 Τυρας
307 1309 551 1354 παρασχέσθαι
571 1309 724 1354 ψευδεῖς,
750 1305 831 1347 febe,
856 1309 884 1341 εἲ
909 1308 954 1351 μὴ
983 1309 1074 1349 κοινῇ
1102 1307 1154 1339 καὶ
1183 1304 1468 1346 ἓσυντεθειμένοι
1493 1304 1579 1346 πρὸς
1598 1300 1705 1344 ἀλλήο
1720 1306 1761 1328 20

176 1375 258 1408 λους
290 1372 506 1419 ἠγωνίζοντο,
541 1373 665 1419 ῥᾳδίως
698 1370 738 1406 (ἲν
772 1370 792 1397 h
807 1373 994 1417 ἐξελέγξαι,
1026 1372 1078 1404 καὶ
1114 1371 1172 1403 οὐκ
1208 1370 1307 1403 ἐᾶσαι
1337 1369 1396 1401 τὸν
1428 1365 1711 1412 Ὀλυμπιόδωρον

176 1437 308 1479 νικῆσαι
329 1436 389 1479 τὴν
409 1436 512 1479 δίκην.

177 1533 254 1608 A
655 1561 674 1578 a!
811 1562 819 1575 ³
886 1561 898 1577 x
965 1557 974 1583 i
1001 1556 1020 1577 ’ἰ
1055 1557 1076 1572 ³1
1226 1555 1246 1581 k
1459 1556 1471 1570 x
1567 1556 1580 1571 x
1668 1552 1679 1566 x

259 1564 623 1611 NAFKAION
656 1583 771 1613 ισως
798 1583 942 1620 εστιν,
986 1581 1022 1608 ω
1042 1560 1207 1622 ανδρες
1256 1559 1489 1617 δικασται,
1508 1577 1583 1604 και
1603 1561 1832 1614 τους1167

176 1644 242 1709 μὴ
270 1643 490 1698 εἰωθότας
508 1644 625 1708 μηδὲ
646 1643 928 1707 δυναμένους
955 1642 1143 1692 εἰσιέναι
1169 1644 1230 1693 εἷς
1252 1637 1571 1704 δικαστήριον,
1588 1639 1708 1688 ἐπει-

179 1728 267 1779 δὰν
303 1728 393 1780 ὑπό
433 1751 558 1782 τινος
595 1730 858 1789 ἀδικῶνται,
899 1726 1061 1779 ἄλλως
1100 1748 1149 1775 τε
1192 1727 1267 1775 καὶ
1311 1725 1392 1791 ὑφ’
1433 1721 1496 1773 ὧν
1536 1722 1711 1786 ἥκιστα

180 1811 435 1878 ιπροσήκει
469 1814 744 1873 ἀδικεῖσθαι,
780 1809 876 1861 οἷον
911 1812 985 1860 καὶ
1022 1810 1122 1871 ἐμοὶ
1160 1809 1300 1857 ΧΠνυνὶ
1335 1806 1602 1869 συμβαίνει.
1657 1805 1740 1855 οὑ5

180 1894 470 1958 βουλόμενος
513 1895 620 1961 γὰρ,
664 1893 700 1945 ὦ
746 1894 909 1960 ἄνδρες
951 1894 1184 1952 δικασταὶ,
1229 1888 1542 1955 ἀγωνίζεσθαι
1592 1887 1711 1954 πρὸς

181 1979 579 2045 Ὀλυμπιόδωρον
620 1984 787 2030 οἰκεῖον
828 1978 941 2029 ὅντα
985 1979 1060 2027 καὶ
1104 1974 1320 2042 ἀδελφὴν
1363 1973 1531 2024 τούτου
1574 1973 1709 2038 ἔχων,

146 2064 488 2129 αὴνάγκασμαι
533 2063 608 2114 διὰ
653 2061 707 2113 τὸ
746 2070 764 2088 ¹¹
783 2060 950 2127 μεγάλ’
994 2063 1255 2111 ἀδικεῖσθαι
1300 2058 1390 2109 ὑπὸ
1435 2056 1616 2107 τούτου.
1673 2059 1711 2106 εἱ

181 2147 266 2210 μὲν
305 2148 386 2197 οὖν
424 2146 489 2210 μὴ
525 2146 838 2208 ἀδικούμενος,
873 2143 910 2194 ὦ
951 2145 1115 2209 ἄνδρες
1153 2144 1387 2203 δικασταὶ,
1422 2140 1553 2190 ἀλλὰ
1585 2143 1706 2208 ψεῦ-

182 2230 260 2284 δός
292 2254 337 2281 τι
368 2233 585 2296 ἐγκαλῶν
609 2228 994 2297 Ὀλυμπιοδώρῳ
1033 2226 1212 2277 τούτων
1248 2248 1292 2274 τι
1327 2225 1525 2286 ἐποίουν,
1552 2221 1580 2287 ἢ
1616 2227 1767 2276 τοῖςιο

182 2314 453 2377 ἐπιτηδείοις
488 2318 584 2366 τοῖς
620 2314 745 2375 ἐμοῖς
780 2314 854 2361 καὶ
880 2309 1279 2374 Ὀλυμπιοδώρου
1313 2306 1378 2370 μὴ
1405 2307 1580 2357 ἐθέλων
1606 2307 1706 2356 ἐπι-

184 2397 380 2462 τρέπειν,
408 2395 437 2460 ἣ
465 2396 620 2446 ἄλλου
655 2395 780 2448 τινὸς
819 2399 914 2445 τῶν
941 2395 1130 2446 δικαίων
1158 2390 1497 2459 ἀφιστάμενος,
1526 2390 1574 2440 εὖ
1608 2389 1711 2439 ’ίστε

185 2481 255 2532 ὅτι
292 2479 416 2531 πάνυ
441 2479 524 2529 Οᾶν
551 2478 829 2546 ᾐσχυνόμην
865 2481 939 2529 καὶ
967 2477 1175 2543 ἐνόμιζον
1202 2478 1259 2526 ἂν
1292 2473 1492 2538 ἐμαυτὸν
1523 2478 1712 2541 φαῦλον

242 2653 257 2670 ⁷-
288 2647 348 2678 τὸν
376 2646 436 2687 μὲν
461 2643 858 2688 Ὀλυμπιόδωρον-τὸν
887 2643 921 2676 δὲ
957 2642 1220 2687 Καλλίστρατον
1253 2641 1331 2675 RS.
1384 2639 1584 2684 Legebatur
1608 2639 1625 2670 ὁ
1652 2638 1713 2680 μέν

186 2698 543 2743 Ὀλυμπιόδωρος--ὁ
564 2698 599 2730 δὲ
623 2696 895 2740 Καλλίστρατος.
1008 2701 1026 2719 ¹²
1047 2694 1212 2739 ἐκλιπεῖν]
1238 2692 1405 2727 ἐκλείπειν
1427 2693 1504 2725 RS.
1611 2688 1628 2715 b
1648 2705 1711 2724 πα-

187 2750 333 2795 λινδικίᾳ
355 2751 516 2784 W'olfius.
547 2750 652 2783 πάλιν
671 2748 713 2783 δι’
733 2749 842 2782 ἐκεῖνα
859 2749 976 2793 vulgo.
1067 2754 1082 2772 C
1104 2747 1243 2791 ἡμίσεος
1265 2747 1299 2779 S.
1332 2743 1474 2788 ἡμίσους
1499 2744 1535 2777 F.
1567 2743 1714 2787 ἡμίσεως

189 2805 304 2849 vulgo.
435 2800 453 2827 (Ῑ
474 2803 511 2838 ἃς
533 2804 568 2837 S.
605 2803 805 2847 Legcbatur
825 2799 886 2836 αἷς.
1017 2806 1032 2825 c
1054 2799 1366 2846 συγκεχωρηκέναι]
1392 2797 1652 2842 ἐγκεχωρηκέναι
1676 2795 1711 2829 S.

189 2855 203 2882 f
220 2857 281 2902 ὡς]
306 2856 362 2891 οὓς
384 2857 577 2890 Bckkerus.
689 2861 709 2887 g
729 2855 980 2898 συντεθειμένοι
1005 2854 1043 2887 B.
1066 2854 1175 2898 (quod
1193 2853 1283 2897 fugit
1304 2851 1502 2893 Rciskium)
1527 2849 1564 2882 F.
1596 2862 1712 2881 συντι-

188 2924 322 2967 θέμενοι
342 2924 458 2967 vulgo.
569 2921 589 2947 ¹¹
611 2922 804 2968 ἐξελέγξαι]
830 2920 966 2966 ἐλέγξαι
990 2923 1026 2955 S.
1136 2918 1142 2944 i
1165 2917 1190 2953 ὦ
1210 2920 1242 2954 ι’ί,
1266 2919 1314 2964 8.]
1338 2907 1362 2952 ‹2⁰›
1383 2920 1423 2952 A.
1448 2918 1502 2951 hi‹·
1524 2924 1562 2950 ut
1584 2916 1712 2961 ubique

189 2978 273 3012 fere.
357 2973 375 3000 k
399 2977 555 3010 δικασταὶ
574 2988 642 3009 om.
665 2988 692 3009 r.
782 2973 789 3000 l
810 2976 974 3018 προσήκει
992 2974 1181 3008 ἀδικεῖσθαι
1199 2973 1309 3005 ιΧ.Ξ.ι·.
1339 2971 1527 3004 ἀδικεῖσθαι
1547 2969 1711 3013 προσήκει

191 3030 277 3068 RQ.
390 3035 415 3050 ‘¹‘
437 3029 524 3074 νυνὶ]
550 3031 607 3061 νῦν
628 3030 671 3066 Q.
787 3034 802 3051 Π
825 3026 962 3071 μεγάλ’]
987 3028 1071 3071 μέγα
1095 3026 1221 3062 RSQ.
1335 3030 1352 3046 0
1372 3023 1412 3056 ἂν
1433 3036 1500 3056 om.
1521 3024 1591 3055 Λ.ι·.

918 3102 939 3125 Ι·’.
967 3101 985 3117 ‘²

969 3120 987 3127 .-
