2009 3286
234 167 346 206 1442
764 168 1234 223 [ΔΗΜΟΣΘΕΝΟὙΣ]
1608 184 1644 225 p.
1666 171 1785 222 1418,
1806 187 1879 211 1-

445 497 860 551 HPOOIMIA
913 495 932 514 a
947 498 1528 551 AHMHFOPIKA.

804 658 1176 686 ,ψ-

945 787 1038 839 bA.

230 873 324 948 ΕΙ
355 897 441 961 μὲν
474 900 578 964 περὶ
613 904 772 949 καινοῦ
811 897 935 953 τινος
971 898 1250 964 πράγματος
1283 898 1572 964 προὺτίθετο,
1601 895 1637 947 (ἶ)
1671 897 1752 948 ἄν-

229 984 333 1048 δρες
357 983 613 1046 Ἀθηναῖοι,
641 982 810 1048 λέγειν,
837 981 1049 1049 ἐπισχὼν
1080 980 1137 1032 ἂν
1172 983 1256 1035 ἕως
1295 985 1336 1032 οἱ
1374 986 1594 1032 πλεῖστοι
1626 986 1752 1032 οτῶν

227 1063 456 1116 εἰωθότων
490 1066 685 1131 γνώμην
721 1066 1039 1135 ἀπεφήναντο,
1070 1070 1106 1116 εἷ
1144 1065 1229 1128 μὲν
1259 1065 1440 1131 ἤρεσκέ
1464 1066 1513 1116 τί
1545 1088 1624 1128 μοι
1657 1070 1752 1116 τῶν

225 1148 476 1214 ῥηθέντων,
509 1150 712 1217 ἡσυχίαν
752 1148 810 1202 ἂν
846 1149 978 1215 ἦγον,
1010 1154 1046 1200 εἶ
1082 1148 1129 1200 δὲ
1167 1147 1245 1213 μὴ,
1279 1149 1372 1200 τότ’
1407 1147 1465 1199 ἂν
1501 1152 1577 1199 καὶ
1612 1148 1779 1204 αὐτὸς5

226 1232 488 1297 ἐπειρώμην
524 1231 554 1283 ἃ
587 1234 843 1299 γιγνώσκω
882 1234 1049 1300 λέγειν.
1102 1232 1258 1297 ἐπειδὴ
1295 1235 1336 1282 δ’
1371 1232 1486 1299 ὑπὲρ
1522 1230 1588 1284 ὧν
1621 1242 1744 1284 πολ-

226 1314 363 1368 λάκις
385 1315 625 1382 εἰρήκασιν
646 1317 772 1368 οὗτοι
796 1317 1040 1384 πρότερον,
1060 1320 1166 1384 περὶ
1191 1317 1370 1368 τούτων
1393 1319 1491 1368 νυνὶ
1518 1322 1749 1380 σκοπεῖτε,

226 1398 429 1463 ἡγοῦμαι
474 1401 551 1449 καὶ
595 1404 781 1466 πρῶτος
819 1400 1030 1454 ἀναστὰς
1069 1400 1256 1454 εἰκότως
1301 1399 1358 1451 ἂν
1401 1399 1520 1462 μετὰ
1557 1400 1750 1454 τούτους

228 1479 413 1532 ἀδοκεῖν
458 1482 627 1546 λέγειν.
687 1487 757 1533 ‘³⁶2
801 1484 885 1546 μὲν
929 1485 1011 1535 οὖν
1054 1482 1146 1551 εἶχε
1193 1489 1351 1538 καλῶς
1390 1484 1448 1534 τὰ
1488 1484 1748 1550 πράγματα
1767 1515 1802 1536 ιο

228 1563 359 1615 οὐδὲν
394 1563 451 1614 ἂν
487 1564 574 1615 ἔδει
609 1566 970 1629 συμβουλεύειν·
1011 1566 1166 1631 ἐπειδὴ
1194 1569 1247 1629 δ’,
1275 1570 1337 1620 ὡς
1369 1565 1572 1621 ἅπαντες
1605 1568 1747 1632 ὁρᾶτ’,
1766 1587 1872 1627 1419

227 1646 320 1713 ἔχει
346 1649 621 1710 δυσκολίαν,
648 1650 709 1700 ὡς
741 1649 788 1698 ἐκ
821 1648 1057 1711 τοιούτων,
1084 1648 1370 1715 πειράσομαι
1404 1648 1748 1712 συμβουλεύειν

227 1726 257 1778 ἃ
295 1729 527 1795 κράτιστα
565 1729 678 1781 εἶναι
724 1732 906 1798 νομίζω.
968 1737 1157 1798 πρῶτον
1201 1732 1286 1795 μὲν
1324 1733 1405 1783 οὖν
1450 1734 1568 1795 ὑμᾶς
1607 1733 1749 1781 ἐκεῖνο

226 1814 473 1877 ἐγνωκέναι
519 1817 598 1877 δεῖ,
643 1818 705 1869 ὡς
749 1816 881 1866 οὐδὲν
926 1814 991 1866 ὧν
1036 1817 1228 1867 ἐποιεῖτε
1272 1818 1346 1867 ἐπὶ
1392 1820 1475 1866 τοῦ
1525 1820 1749 1878 πολεμεῖν

226 1896 354 1950 ὄντες
388 1903 471 1948 τοῦ
505 1904 675 1950 λοιποῦ
708 1898 940 1965 πρακτέον
973 1900 1119 1961 ἐστὶν,
1151 1899 1282 1949 ἀλλὰ
1314 1899 1470 1950 πάντα
1504 1899 1776 1949 τάναντία·5

226 1983 263 2030 εἷ
307 1979 401 2046 γὰρ
439 1982 586 2032 ἐκεῖνα
632 1986 797 2050 φαῦλα
842 1984 1066 2046 πεποίηκε
1111 1981 1170 2032 τὰ
1215 1981 1487 2048 πράγματα,
1526 1983 1750 2032 τάναντία

226 2063 344 2117 εἰκὸς
379 2066 554 2125 βελτίω
593 2069 803 2130 ποιῆσαι,
861 2066 1018 2116 ἔπειτα
1054 2065 1302 2129 νομιστέον
1334 2067 1433 2133 οὐχ,
1469 2064 1518 2119 ὃς
1551 2065 1607 2116 ἂν
1644 2067 1750 2128 ὑμῖν

225 2146 254 2210 ἢ
285 2147 430 2211 μηδὲν
460 2147 488 2212 ἢ
518 2148 661 2215 μικρὰ
692 2147 985 2216 προστάττῃ,
1014 2155 1180 2200 τοῦτον
1212 2150 1362 2214 ὀρθῶς
1396 2149 1567 2213 λέγειν·
1611 2149 1746 2214 ὁρᾶτε

225 2230 318 2297 γὰρ
363 2234 425 2284 ὡς
469 2234 518 2282 ἐκ
563 2237 657 2282 τῶν
702 2232 925 2283 τοιούτων
969 2232 1174 2283 ἐλπίδων
1219 2234 1294 2282 καὶ
1339 2232 1500 2296 λόγων
1545 2236 1607 2285 εἰς
1651 2236 1800 2282 πᾶνιο

226 2315 524 2381 προελήλυθε
560 2317 820 2382 μοχθηρίας
855 2315 914 2366 τὰ
948 2315 1176 2382 παρόντα·
1221 2317 1330 2365 ἀλλ’
1361 2314 1410 2369 ὃς
1442 2315 1499 2365 ἂν
1525 2314 1578 2365 τὸ
1604 2317 1742 2382 χαρί-

1005 2395 1024 2416 ‘⁸
1087 2395 1101 2422 f

227 2395 388 2461 ζεσθαι
422 2398 597 2462 παρεὶς,
629 2396 659 2447 ἃ
689 2399 761 2447 δεῖ
793 2398 869 2446 καὶ
905 2400 962 2446 δι’
992 2420 1055 2447 ων
1112 2399 1398 2461 παυσαίμεθ’
1427 2396 1484 2447 ἂν
1518 2397 1749 2465 αἰσχύνην

226 2479 599 2548 ὀφλισκάνοντες
643 2486 663 2514 g
683 2481 759 2530 καὶ
804 2478 1108 2543 ζημιούμενοι,
1154 2486 1301 2531 ταῦτα
1345 2480 1478 2548 λέγῃ.
1537 2483 1612 2531 καὶ
1656 2480 1748 2546 γὰρ

765 2561 786 2579 ct
828 2566 838 2585 9
867 2561 887 2588 h
913 2561 931 2581 ‚x

225 2566 288 2616 ὡς
323 2566 525 2627 ἀληθῶς,
559 2566 596 2612 εἰ
630 2561 727 2625 μὲν,
762 2584 825 2612 οσ
904 2586 962 2612 αν
996 2568 1062 2632 τῷ
1096 2564 1228 2633 λόγῳ
1262 2587 1330 2618 τις
1367 2566 1548 2631 ὑπερβῇ
1585 2567 1744 2628 λυπῆ-

225 2668 309 2696 σαι
352 2644 417 2709 μὴ
455 2643 758 2708 βουλόμενος,
798 2647 873 2695 καὶ
917 2645 975 2695 τὰ
1013 2646 1271 2712 πράγματα
1309 2646 1641 2713 ὑπερβήσεται,
1679 2650 1796 2703 δεῖι5

281 2813 300 2833 ἢ
321 2809 536 2853 Δημηγορικά
557 2819 627 2842 om.
652 2808 687 2842 S.
774 2805 793 2832 b
816 2808 991 2842 Numeros
1012 2808 1045 2841 in
1066 2820 1176 2853 marg.
1198 2820 1218 2841 a
1237 2820 1285 2842 m.
1308 2808 1453 2853 antiqua
1471 2808 1664 2853 adscriptos
1684 2809 1745 2842 ha-

227 2861 287 2895 bet
309 2861 345 2895 S.
454 2866 469 2886 C
489 2864 555 2894 τῶν
575 2859 756 2905 εἰωθότων]
780 2863 847 2894 τῶν
866 2861 1004 2894 εἰδότων
1024 2873 1055 2894 v.
1167 2858 1186 2885 ‘¹
1206 2861 1317 2894 δοκεῖν
1335 2860 1466 2906 λέγειν]
1491 2861 1561 2894 δεῖν
1579 2860 1693 2906 λέγειν
1711 2873 1743 2895 v.

228 2919 244 2938 θ
265 2914 310 2959 εἷ]
336 2913 513 2948 Numerus
535 2914 581 2948 13¹.
603 2913 799 2958 adscriptus
819 2913 854 2946 in
877 2913 912 2948 S.
1002 2911 1017 2937 f
1033 2912 1236 2957 παυσαίμεθ’
1257 2911 1297 2946 ἂν
1318 2914 1513 2947 Bekkerus.
1547 2913 1747 2958 Legebatur

227 2967 455 3010 παυσαίμεθα.
541 2971 562 2999 g
582 2966 633 3000 καὶ
655 2964 882 3012 ζημιούμενοι]
906 2967 957 3000 καὶ
977 2966 1021 3010 μὴ
1043 2965 1254 3010 ζημιούμενοι
1276 2965 1319 3000 Ο.
1404 2963 1423 2990 h
1442 2964 1482 2999 ἂν
1501 2977 1570 2999 om.
1592 2965 1636 3000 Ο.
