2009 3286
82 222 266 275 —1296‚
284 238 319 262 οι
330 251 338 261 .
600 225 744 262 ΚΑΤΑ
778 224 1228 263 ΔῘΟΝΎΣΟΔΩΡΟΤ.
1618 221 1728 264 1819

204 336 459 398 ἕέμίσθουν
496 333 655 398 αὐτὴν,
682 336 794 385 ἀλλ’
824 337 886 388 ὡς
925 336 1043 398 ὑμᾶς
1082 333 1397 395 ἀπέστελλον,
1436 333 1719 398 ἐπανορθού-
1742 357 1782 379 20

135 433 191 483 48
203 441 334 481 μενοι
367 418 421 469 τὸ
448 419 672 469 ἀκούσιον
697 419 985 483 σύμπτωμα.
1039 425 1120 469 νῦν
1160 419 1197 467 δ’
1226 419 1314 484 οὐχ
1352 417 1478 470 ὅπως
1516 419 1726 482 ἐπανωρ-

203 501 436 564 θώσαντο,
479 502 610 552 ἀλλά
653 502 772 568 πρὸς
822 508 918 556 τοῖς
958 503 1015 571 ἐξ
1056 504 1204 568 ἀρχῆς
1245 499 1502 564 ἀδικήμασι
1554 505 1727 568 πολλῷ

199 584 337 649 μείζω
375 584 875 652 προσεξημαρτήκασι,
904 588 979 636 καὶ
1006 585 1166 651 ὥσπερ
1205 586 1278 635 ἐπὶ
1310 582 1605 649 καταγέλωτι
1635 586 1718 633 ἀν-

199 670 475 721 τιδικοῦντες
521 669 907 732 εἰσεληλύθασιν,
947 671 1010 722 ὡς
1054 669 1122 719 ἐπ’
1165 668 1320 720 αὐτοῖς
1360 666 1600 729 ἐσόμενον,
1644 666 1777 720 ε’ἀν25

197 753 611 819 καταψηφίσησθε
655 753 821 814 αὐτῶν,
869 752 1098 818 1’τάρχαῖα
1147 749 1292 813 μόνον
1346 752 1602 801 ἀποδοῦναι
1648 753 1723 801 καὶ

197 833 304 888 τοὺς
342 834 523 889 τόκους.
580 837 705 900 ὑμεῖς
745 837 840 897 οὖν,
873 833 910 886 (ἶ)
947 835 1110 902 ἄνδρες
1147 836 1405 898 Ἀθηνοιῖοι,
1445 833 1511 897 μὴ
1546 835 1723 900 ἐπιτρέ-

129 940 184 981 49
197 941 307 969 πετε
346 918 544 973 ἰτούτοις
583 921 730 974 οὕτως
771 920 948 986 ἔχουσι,
975 920 1079 983 μηδ’
1109 921 1183 970 ἐπὶ
1222 921 1349 969 δυοῖν
1378 917 1605 984 ἀγκύραιν
1644 921 1722 986 ὁρ-

194 1007 298 1065 μεῖν
337 1002 503 1056 αὐτοὺς
538 1004 653 1066 ἐᾶτε,
694 1006 770 1064 ὡς,
810 1002 921 1053 ke'dw
955 1002 1041 1067 μὲν
1084 1002 1384 1068 Ῑκατορθῶσι,
1427 1001 1721 1070 ΠΓ’τάλλότρια
1741 1017 1848 1066 1296

192 1086 398 1153 ἕξοντας,
437 1085 517 1137 ἐὰν
556 1085 604 1136 δὲ
638 1085 702 1150 μὴ
746 1086 974 1137 δύνωνται
1008 1086 1306 1154 ἐξαπατῆσαι
1342 1091 1473 1152 ὑμᾶς,
1514 1087 1632 1139 αὐτοὶ
1662 1087 1721 1138 τὰ

190 1168 476 1236 ὀφειλόμενα
513 1169 868 1222 ἀποδώσοντας·
911 1168 1044 1219 ἀλλὰ
1084 1175 1179 1223 τοῖς
1220 1173 1462 1235 ἐπιτιμίοις
1506 1172 1720 1238 ζημιοῦτε

188 1257 284 1306 τοῖς
326 1255 374 1304 ἐκ
419 1256 502 1316 τῆς
542 1256 849 1322 συγγραφῆς·
893 1255 969 1303 καὶ
1011 1252 1106 1319 γὰρ
1148 1252 1206 1304 ἂν
1249 1255 1398 1306 δεινὸν
1442 1256 1508 1321 εἴη
1551 1255 1749 1310 αὐτοὺςὸ

185 1336 270 1399 μὲν
308 1337 500 1391 τούτους
537 1339 799 1388 διπλασίαν
830 1339 932 1388 καθ’
976 1339 1160 1389 “αὑτῶν
1197 1339 1283 1403 τὴν
1319 1341 1485 1406 ζημίαν
1522 1340 1717 1409 γράψα-

184 1424 312 1482 σθαι,
352 1420 432 1471 ἐάν
470 1433 545 1471 Οτι
586 1421 922 1487 παραβαίνωσι
957 1426 1051 1472 τῶν
1088 1424 1136 1472 ἐν
1179 1427 1238 1489 τῇ
1283 1429 1562 1493 συγγραφῇ,
1597 1426 1715 1487 ὑμᾶς

184 1505 222 1554 δ’
252 1505 520 1571 ἠπιωτέρως
544 1506 664 1573 ἔχειν
689 1504 807 1572 πρὸς
834 1503 1015 1568 αὐτοὺς,
1045 1508 1119 1556 καὶ
1146 1512 1276 1558 ταῦτ’
1299 1509 1386 1575 οὐχ
1412 1508 1554 1572 ἧττον
1579 1509 1713 1572 ἡμῶν

183 1589 595 1653 συνηδικημένους.

114 1692 171 1735 50
259 1671 335 1723 To}
372 1672 458 1736 μὲν
496 1674 578 1723 οῦν
615 1675 720 1739 περὶ
759 1678 842 1724 τοῦ
880 1672 1159 1738 πράγματος
1196 1674 1350 1724 δίκαια
1387 1676 1570 1742 βραχεά
1607 1677 1710 1728 ἐστὶ

181 1756 257 1806 καὶ
296 1755 656 1819 εὐμνημόνευτα.
713 1757 1016 1819 ἐδανείσαμεν
1055 1758 1406 1827 Διονυσοδώρῳ
1446 1759 1597 1828 τούτῳ
1632 1763 1708 1811 καὶ
1725 1790 1763 1810 10

182 1843 248 1907 τῷ
286 1843 491 1908 κοινωνῷ
520 1841 661 1889 αὐτοῦ
698 1840 968 1906 τρισχιλίας
995 1838 1210 1906 δραχμὰς
1234 1839 1499 1905 Ἀθήνηθεν
1525 1846 1588 1896 εἰς
1615 1843 1702 1893 Α’ί-

181 1945 363 1985 γυπτον
402 1923 478 1972 καὶ
517 1922 574 1990 ἐξ
609 1921 852 1987 Αἰγύπτου
884 1921 1126 1986 Ἀθήναζε·
1168 1924 1250 1973 οὐκ
1285 1925 1614 1993 ἀπειλήφαμεν
1652 1925 1709 1976 τοὶ

184 2006 405 2071 χρήματα
444 2005 547 2055 οὐδὲ
592 2004 700 2057 τοὺς
739 2004 916 2065 τόκους,
951 2007 1064 2054 ἀλλ’
1105 2005 1269 2071 ε”χουσι
1309 2006 1368 2056 τὰ
1403 2007 1601 2073 ἡμέτερα
1635 2010 1710 2058 καὶ

179 2093 385 2154 χρῶνται
425 2087 638 2153 δεύτερον
679 2088 797 2140 ἔτος·
840 2089 894 2137 οὐ
935 2089 1330 2150 κατακεκομίκασι
1371 2088 1456 2153 τὴν
1498 2096 1611 2140 ναῦν
1647 2095 1710 2143 εἰς
1726 2120 1759 2150 15

181 2170 234 2221 τὸ
280 2181 298 2208 P
317 2171 535 2237 ὑμέτερον
576 2169 798 2236 ἐμπόριον
834 2169 1014 2220 οὐδέπω
1051 2173 1127 2220 καὶ
1164 2177 1260 2233 νῦν,
1300 2173 1393 2221 οὐδ’
1434 2173 1541 2235 ἡμῖν
1578 2196 1703 2240 παρ-·

108 2276 159 2320 51
179 2255 444 2322 εσχήκασιν
495 2257 695 2322 ἐμφανῆ·
748 2255 811 2317 qv}
864 2253 912 2304 δὲ
962 2253 1227 2321 συγγραφὴ
1279 2255 1467 2318 κελεύει,
1513 2256 1593 2306 ἐὰν
1642 2256 1708 2320 μὴ

176 2338 451 2405 παρέχωσιν
487 2339 673 2405 ἐμφανῆ
710 2336 794 2400 τὴν
831 2342 957 2398 ναῦν,
985 2339 1219 2388 ἀποτίνειν
1242 2338 1409 2392 αὐτοὺς
1447 2339 1707 2390 ’διπλάσια

175 2419 235 2470 τὰ
264 2420 498 2487 χρήματα,
526 2420 612 2484 τὴν
648 2420 696 2471 δὲ
735 2420 909 2487 πρᾶξιν
944 2419 1058 2470 εἶναι
1097 2424 1172 2471 καὶ
1211 2421 1268 2489 ἐξ
1301 2421 1400 2474 ἑνὸς
1431 2425 1506 2472 καὶ
1538 2423 1594 2491 ἐξ
1616 2425 1759 2486 ἀμ-,ο

176 2508 302 2571 φοῖν.
345 2505 472 2555 ταῦτ’
501 2504 686 2570 ἔχοντες
725 2502 784 2553 τὰ
821 2505 974 2554 δίκαια
1012 2506 1389 2568 εἰσεληλύθαμεν
1413 2506 1532 2573 πρὸς
1572 2509 1702 2569 ὑμᾶς,

175 2587 413 2654 ἀξιοῦντες
451 2586 510 2636 τὰ
549 2587 772 2652 5ἡμέτερα
808 2588 961 2637 αὐτῶν
996 2589 1260 2649 ἀπολαβεῖν
1293 2591 1350 2639 δι’
1380 2592 1521 2653 ὑμῶν,
1548 2589 1703 2653 ἐπειδὴ

227 2784 247 2812 g
268 2776 448 2825 ε’μίσθουν]
474 2779 672 2822 ἐμίσθωσαν
693 2780 823 2819 ΡΜΞΟ
937 2778 957 2805 h
977 2781 1137 2826 τάρχαῖα]
1161 2783 1202 2815 τὰ
1222 2782 1345 2826 ἀρχαῖα
1368 2782 1404 2816 S.
1517 2778 1525 2806 i
1546 2780 1696 2828 τούτοις]

172 2832 243 2866 τοῖς
255 2833 326 2864 Am.
395 2829 414 2855 k
437 2833 493 2865 ἐὰν
506 2832 618 2866 A.S.r.
648 2830 688 2866 ἂν
700 2833 816 2878 vulgo.
884 2830 894 2858 l
915 2834 1124 2879 κατορθῶσι]
1148 2835 1395 2879 κατορθώσωσι
1416 2835 1488 2867 Am.
1562 2840 1591 2858 Π]
1613 2834 1695 2868 τάλ-

171 2885 291 2928 λότρια
315 2884 348 2917 S.
380 2884 420 2916 τὰ
440 2884 605 2928 ἀλλότρια
625 2886 743 2931 vulgo.
840 2891 859 2910 ¹¹
879 2887 990 2920 αὐτῶν
1015 2887 1049 2920 S.
1080 2888 1206 2921 ἑαυτῶν
1226 2888 1343 2932 vulgO.
1441 2892 1458 2910 ⁰
1479 2901 1510 2920 τι
1531 2899 1599 2920 om.
1623 2888 1694 2921 Am.

173 2941 191 2967 P
213 2936 390 2981 ὑμέτερον]
415 2936 576 2982 ἡμέτερον
598 2938 669 2971 Λ.ι“.
792 2945 810 2970 (Ι
839 2938 856 2981 ἡ
877 2939 1104 2983 δὲ-ἐμφιινῆ
1126 2952 1195 2973 om.
1219 2941 1290 2973 Α.ι·.
1406 2946 1418 2964 Γ
1438 2939 1622 2984 διπλάσια]
1647 2940 1694 2973 δι-

171 2987 343 3022 πλασίονα
364 2990 435 3023 Am.
549 2994 562 3013 ⁵
584 2989 744 3036 ἡμέτερα]
769 2991 912 3035 ὑμέτερα
935 2992 969 3025 S.

899 3064 925 3089 X
952 3064 973 3091 2
