<?xml version="1.0" encoding="UTF-8"?>
<!DOCTYPE html PUBLIC "-//W3C//DTD XHTML 1.0 Transitional//EN"
    "http://www.w3.org/TR/xhtml1/DTD/xhtml1-transitional.dtd">
<html xmlns="http://www.w3.org/1999/xhtml" xml:lang="en" lang="en">
 <head>
  <title>
</title>
<meta http-equiv="Content-Type" content="text/html;charset=utf-8" />
  <meta name='ocr-system' content='tesseract 3.04.00' />
  <meta name='ocr-capabilities' content='ocr_page ocr_carea ocr_par ocr_line ocrx_word'/>
</head>
<body>
  <div class='ocr_page' id='page_1' title='image "./operaexrecension00demouoft/operaexrecension00demouoft_0033.png"; bbox 0 0 2009 3286; ppageno 0'>
   <div class='ocr_carea' id='block_1_1' title="bbox 91 192 1750 252">
    <p class='ocr_par' dir='ltr' id='par_1_1' title="bbox 91 192 1750 252">
     <span class='ocr_line' id='line_1_1' title="bbox 91 192 1750 252; baseline -0.002 -15"><span class='ocrx_word' id='word_1_1' title='bbox 91 210 276 252; x_wconf 82' lang='lat'>—1154‚</span> <span class='ocrx_word' id='word_1_2' title='bbox 297 213 326 236; x_wconf 87' lang='lat'>1.</span> <span class='ocrx_word' id='word_1_3' title='bbox 514 198 657 235; x_wconf 88' lang='grc' dir='ltr'>ΚΑΤΑ</span> <span class='ocrx_word' id='word_1_4' title='bbox 691 198 874 235; x_wconf 81' lang='grc' dir='ltr'><strong>ΕΎῈΡΓ.</strong></span> <span class='ocrx_word' id='word_1_5' title='bbox 908 196 999 233; x_wconf 87' lang='grc' dir='ltr'>ΚΑΙ</span> <span class='ocrx_word' id='word_1_6' title='bbox 1034 195 1263 233; x_wconf 75' lang='grc' dir='ltr'>ΜΝΙ-ΙΣίΒ.</span> <span class='ocrx_word' id='word_1_7' title='bbox 1294 195 1458 232; x_wconf 73' lang='grc' dir='ltr'>ΨΕΎΔ.</span> <span class='ocrx_word' id='word_1_8' title='bbox 1639 192 1750 236; x_wconf 82' lang='lat'>1179</span> 
     </span>
    </p>
   </div>
   <div class='ocr_carea' id='block_1_2' title="bbox 151 322 1871 2651">
    <p class='ocr_par' dir='ltr' id='par_1_2' title="bbox 836 322 1130 364">
     <span class='ocr_line' id='line_1_2' title="bbox 836 322 1130 364; baseline 0 0"><span class='ocrx_word' id='word_1_9' title='bbox 836 322 1130 364; x_wconf 58' lang='lat' dir='ltr'><strong>WHQIEMA.</strong></span> 
     </span>
    </p>

    <p class='ocr_par' dir='ltr' id='par_1_3' title="bbox 151 392 1871 967">
     <span class='ocr_line' id='line_1_3' title="bbox 151 392 1748 461; baseline -0.004 -12"><span class='ocrx_word' id='word_1_10' title='bbox 151 413 203 456; x_wconf 85' lang='lat'>57</span> <span class='ocrx_word' id='word_1_11' title='bbox 297 396 652 450; x_wconf 86' lang='grc' dir='ltr'>Καταπλεύσας</span> <span class='ocrx_word' id='word_1_12' title='bbox 703 397 873 457; x_wconf 84' lang='grc' dir='ltr'>τοίνυν,</span> <span class='ocrx_word' id='word_1_13' title='bbox 918 392 955 444; x_wconf 75' lang='grc' dir='ltr'><em>ὦ</em></span> <span class='ocrx_word' id='word_1_14' title='bbox 1004 395 1168 461; x_wconf 75' lang='grc' dir='ltr'>ἄνδρες</span> <span class='ocrx_word' id='word_1_15' title='bbox 1213 396 1446 456; x_wconf 74' lang='grc' dir='ltr'>δικασταὶ,</span> <span class='ocrx_word' id='word_1_16' title='bbox 1494 396 1555 446; x_wconf 89' lang='grc' dir='ltr'>ὡς</span> <span class='ocrx_word' id='word_1_17' title='bbox 1599 395 1748 444; x_wconf 81' lang='grc' dir='ltr'>οὐδενὶ</span> 
     </span>
     <span class='ocr_line' id='line_1_4' title="bbox 221 476 1871 547; baseline -0.004 -14"><span class='ocrx_word' id='word_1_18' title='bbox 221 482 390 546; x_wconf 74' lang='grc' dir='ltr'>ἤθελεν</span> <span class='ocrx_word' id='word_1_19' title='bbox 416 480 676 546; x_wconf 79' lang='grc' dir='ltr'>ἐπιτρέπειν</span> <span class='ocrx_word' id='word_1_20' title='bbox 704 482 728 531; x_wconf 88' lang='grc' dir='ltr'>ὁ</span> <span class='ocrx_word' id='word_1_21' title='bbox 756 479 1013 547; x_wconf 77' lang='grc' dir='ltr'>Θεόφημος</span> <span class='ocrx_word' id='word_1_22' title='bbox 1039 480 1142 543; x_wconf 74' lang='grc' dir='ltr'>περὶ</span> <span class='ocrx_word' id='word_1_23' title='bbox 1174 483 1270 528; x_wconf 83' lang='grc' dir='ltr'>τῶν</span> <span class='ocrx_word' id='word_1_24' title='bbox 1298 482 1502 542; x_wconf 83' lang='grc' dir='ltr'>πληγῶν</span> <span class='ocrx_word' id='word_1_25' title='bbox 1529 476 1592 527; x_wconf 80' lang='grc' dir='ltr'>ὧν</span> <span class='ocrx_word' id='word_1_26' title='bbox 1618 478 1745 528; x_wconf 67' lang='grc' dir='ltr'>Χτότ’</span> <span class='ocrx_word' id='word_1_27' title='bbox 1767 494 1781 520; x_wconf 93' lang='lat'><strong>1</strong></span> <span class='ocrx_word' id='word_1_28' title='bbox 1799 493 1871 535; x_wconf 82' lang='lat'>¹53</span> 
     </span>
     <span class='ocr_line' id='line_1_5' title="bbox 220 560 1749 629; baseline -0.004 -13"><span class='ocrx_word' id='word_1_29' title='bbox 220 566 398 627; x_wconf 78' lang='grc' dir='ltr'>ἔλαβον</span> <span class='ocrx_word' id='word_1_30' title='bbox 444 566 519 615; x_wconf 83' lang='grc' dir='ltr'>ὑπ’</span> <span class='ocrx_word' id='word_1_31' title='bbox 562 565 717 626; x_wconf 84' lang='grc' dir='ltr'>αὐτοῦ,</span> <span class='ocrx_word' id='word_1_32' title='bbox 758 571 774 598; x_wconf 62' lang='lat' dir='ltr'>y</span> <span class='ocrx_word' id='word_1_33' title='bbox 789 561 1224 629; x_wconf 89' lang='grc' dir='ltr'>προσεκαλεσάμην</span> <span class='ocrx_word' id='word_1_34' title='bbox 1268 560 1410 612; x_wconf 80' lang='grc' dir='ltr'>αὐτὸν</span> <span class='ocrx_word' id='word_1_35' title='bbox 1456 563 1532 611; x_wconf 81' lang='grc' dir='ltr'>καὶ</span> <span class='ocrx_word' id='word_1_36' title='bbox 1573 561 1749 628; x_wconf 76' lang='grc' dir='ltr'>ε”λαχον</span> 
     </span>
     <span class='ocr_line' id='line_1_6' title="bbox 222 644 1745 719; baseline -0.004 -18"><span class='ocrx_word' id='word_1_37' title='bbox 222 651 347 719; x_wconf 71' lang='grc' dir='ltr'>αὐτῷ</span> <span class='ocrx_word' id='word_1_38' title='bbox 392 650 524 713; x_wconf 87' lang='grc' dir='ltr'>δίκην</span> <span class='ocrx_word' id='word_1_39' title='bbox 563 656 580 675; x_wconf 82' lang='lat'><strong>²</strong></span> <span class='ocrx_word' id='word_1_40' title='bbox 598 649 762 701; x_wconf 77' lang='grc' dir='ltr'>αἰκίας.</span> <span class='ocrx_word' id='word_1_41' title='bbox 825 647 1421 713; x_wconf 54' lang='grc' dir='ltr'>ἢάντιπροσκαλεσαμένου</span> <span class='ocrx_word' id='word_1_42' title='bbox 1467 644 1516 696; x_wconf 74' lang='grc' dir='ltr'>δὲ</span> <span class='ocrx_word' id='word_1_43' title='bbox 1559 645 1745 696; x_wconf 83' lang='grc' dir='ltr'>Ι’κοίκεί-</span> 
     </span>
     <span class='ocr_line' id='line_1_7' title="bbox 223 728 1748 799; baseline -0.004 -13"><span class='ocrx_word' id='word_1_44' title='bbox 223 758 304 786; x_wconf 92' lang='grc' dir='ltr'>νου</span> <span class='ocrx_word' id='word_1_45' title='bbox 338 733 416 797; x_wconf 81' lang='grc' dir='ltr'>ἐμὲ</span> <span class='ocrx_word' id='word_1_46' title='bbox 452 735 526 784; x_wconf 75' lang='grc' dir='ltr'>καὶ</span> <span class='ocrx_word' id='word_1_47' title='bbox 561 736 809 796; x_wconf 80' lang='grc' dir='ltr'>διαιτητῶν</span> <span class='ocrx_word' id='word_1_48' title='bbox 844 731 1048 799; x_wconf 83' lang='grc' dir='ltr'>ἐχόντων</span> <span class='ocrx_word' id='word_1_49' title='bbox 1083 729 1167 784; x_wconf 77' lang='grc' dir='ltr'>τὰς</span> <span class='ocrx_word' id='word_1_50' title='bbox 1200 731 1343 791; x_wconf 84' lang='grc' dir='ltr'>δίκας,</span> <span class='ocrx_word' id='word_1_51' title='bbox 1376 729 1531 794; x_wconf 82' lang='grc' dir='ltr'>ἐπειδὴ</span> <span class='ocrx_word' id='word_1_52' title='bbox 1566 730 1593 792; x_wconf 82' lang='grc' dir='ltr'>ἡ</span> <span class='ocrx_word' id='word_1_53' title='bbox 1627 728 1748 780; x_wconf 78' lang='grc' dir='ltr'>ἀπό-</span> 
     </span>
     <span class='ocr_line' id='line_1_8' title="bbox 223 812 1783 886; baseline -0.003 -17"><span class='ocrx_word' id='word_1_54' title='bbox 223 823 373 886; x_wconf 92' lang='grc' dir='ltr'>φασις</span> <span class='ocrx_word' id='word_1_55' title='bbox 411 816 469 881; x_wconf 79' lang='grc' dir='ltr'>ἧν</span> <span class='ocrx_word' id='word_1_56' title='bbox 506 819 588 879; x_wconf 83' lang='grc' dir='ltr'>τῆς</span> <span class='ocrx_word' id='word_1_57' title='bbox 628 817 769 880; x_wconf 80' lang='grc' dir='ltr'>δίκης,</span> <span class='ocrx_word' id='word_1_58' title='bbox 810 817 835 866; x_wconf 88' lang='grc' dir='ltr'>ὁ</span> <span class='ocrx_word' id='word_1_59' title='bbox 875 814 961 879; x_wconf 77' lang='grc' dir='ltr'>μὲν</span> <span class='ocrx_word' id='word_1_60' title='bbox 1001 814 1258 883; x_wconf 76' lang='grc' dir='ltr'>Θεόφημος</span> <span class='ocrx_word' id='word_1_61' title='bbox 1301 812 1636 881; x_wconf 82' lang='grc' dir='ltr'>παρεγράφετο</span> <span class='ocrx_word' id='word_1_62' title='bbox 1677 815 1783 864; x_wconf 78' lang='grc' dir='ltr'>καὶ5</span> 
     </span>
     <span class='ocr_line' id='line_1_9' title="bbox 226 896 1754 967; baseline -0.005 -12"><span class='ocrx_word' id='word_1_63' title='bbox 226 904 491 966; x_wconf 82' lang='grc' dir='ltr'>ὑπώμνυτο,</span> <span class='ocrx_word' id='word_1_64' title='bbox 517 899 609 966; x_wconf 71' lang='grc' dir='ltr'>ἐγώ</span> <span class='ocrx_word' id='word_1_65' title='bbox 638 899 685 951; x_wconf 79' lang='grc' dir='ltr'>δὲ</span> <span class='ocrx_word' id='word_1_66' title='bbox 716 899 955 951; x_wconf 79' lang='grc' dir='ltr'>πιστεύων</span> <span class='ocrx_word' id='word_1_67' title='bbox 989 901 1173 967; x_wconf 75' lang='grc' dir='ltr'>ε’μαυτῲ</span> <span class='ocrx_word' id='word_1_68' title='bbox 1205 897 1349 962; x_wconf 80' lang='grc' dir='ltr'>μηδὲν</span> <span class='ocrx_word' id='word_1_69' title='bbox 1381 901 1552 949; x_wconf 78' lang='grc' dir='ltr'>ἀδικεῖν</span> <span class='ocrx_word' id='word_1_70' title='bbox 1579 896 1754 965; x_wconf 75' lang='grc' dir='ltr'>εἰσῄειν</span> 
     </span>
    </p>

    <p class='ocr_par' dir='ltr' id='par_1_4' title="bbox 156 981 1813 1475">
     <span class='ocr_line' id='line_1_10' title="bbox 156 981 1750 1053; baseline -0.005 -15"><span class='ocrx_word' id='word_1_71' title='bbox 156 998 212 1053; x_wconf 88' lang='lat'>58</span> <span class='ocrx_word' id='word_1_72' title='bbox 226 991 288 1041; x_wconf 76' lang='grc' dir='ltr'>εἷς</span> <span class='ocrx_word' id='word_1_73' title='bbox 330 988 461 1049; x_wconf 83' lang='grc' dir='ltr'>ὑμᾶς.</span> <span class='ocrx_word' id='word_1_74' title='bbox 525 983 892 1051; x_wconf 80' lang='grc' dir='ltr'>παρασχόμενος</span> <span class='ocrx_word' id='word_1_75' title='bbox 931 981 979 1033; x_wconf 75' lang='grc' dir='ltr'>δὲ</span> <span class='ocrx_word' id='word_1_76' title='bbox 1021 985 1190 1036; x_wconf 84' lang='grc' dir='ltr'>ἐκεῖνος</span> <span class='ocrx_word' id='word_1_77' title='bbox 1228 982 1404 1046; x_wconf 83' lang='grc' dir='ltr'>ταύτην</span> <span class='ocrx_word' id='word_1_78' title='bbox 1442 981 1528 1045; x_wconf 87' lang='grc' dir='ltr'>τὴν</span> <span class='ocrx_word' id='word_1_79' title='bbox 1571 1004 1750 1048; x_wconf 90' lang='grc' dir='ltr'>μαρτυ-</span> 
     </span>
     <span class='ocr_line' id='line_1_11' title="bbox 226 1064 1757 1136; baseline -0.002 -16"><span class='ocrx_word' id='word_1_80' title='bbox 226 1071 345 1136; x_wconf 84' lang='grc' dir='ltr'>ρίαν,</span> <span class='ocrx_word' id='word_1_81' title='bbox 385 1069 443 1134; x_wconf 82' lang='grc' dir='ltr'>ἢν</span> <span class='ocrx_word' id='word_1_82' title='bbox 481 1069 634 1122; x_wconf 73' lang='grc' dir='ltr'>ἄλλος</span> <span class='ocrx_word' id='word_1_83' title='bbox 679 1068 763 1131; x_wconf 76' lang='grc' dir='ltr'>μὲν</span> <span class='ocrx_word' id='word_1_84' title='bbox 805 1069 951 1121; x_wconf 74' lang='grc' dir='ltr'>οὐδεὶς</span> <span class='ocrx_word' id='word_1_85' title='bbox 995 1065 1363 1133; x_wconf 78' lang='grc' dir='ltr'>μεμαρτύρηκεν,</span> <span class='ocrx_word' id='word_1_86' title='bbox 1404 1067 1428 1116; x_wconf 86' lang='grc' dir='ltr'>ὁ</span> <span class='ocrx_word' id='word_1_87' title='bbox 1469 1066 1506 1115; x_wconf 80' lang='grc' dir='ltr'>δ’</span> <span class='ocrx_word' id='word_1_88' title='bbox 1548 1064 1757 1133; x_wconf 80' lang='grc' dir='ltr'>ἀδελφὸς</span> 
     </span>
     <span class='ocr_line' id='line_1_12' title="bbox 228 1150 1813 1218; baseline -0.004 -13"><span class='ocrx_word' id='word_1_89' title='bbox 228 1158 303 1205; x_wconf 78' lang='grc' dir='ltr'>καὶ</span> <span class='ocrx_word' id='word_1_90' title='bbox 334 1156 359 1204; x_wconf 86' lang='grc' dir='ltr'>ὁ</span> <span class='ocrx_word' id='word_1_91' title='bbox 386 1153 631 1218; x_wconf 84' lang='grc' dir='ltr'>κηδεστὴς,</span> <span class='ocrx_word' id='word_1_92' title='bbox 659 1156 721 1207; x_wconf 85' lang='grc' dir='ltr'>ὡς</span> <span class='ocrx_word' id='word_1_93' title='bbox 753 1153 906 1203; x_wconf 74' lang='grc' dir='ltr'>ἐθέλοι</span> <span class='ocrx_word' id='word_1_94' title='bbox 940 1150 1026 1215; x_wconf 83' lang='grc' dir='ltr'>τὴν</span> <span class='ocrx_word' id='word_1_95' title='bbox 1062 1151 1312 1216; x_wconf 76' lang='grc' dir='ltr'>ἄνθρωπον</span> <span class='ocrx_word' id='word_1_96' title='bbox 1346 1153 1651 1215; x_wconf 89' lang='grc' dir='ltr'>παραδοῦναι,</span> <span class='ocrx_word' id='word_1_97' title='bbox 1683 1152 1758 1200; x_wconf 73' lang='grc' dir='ltr'>καὶ</span> <span class='ocrx_word' id='word_1_98' title='bbox 1778 1171 1813 1191; x_wconf 78' lang='lat'>¹0</span> 
     </span>
     <span class='ocr_line' id='line_1_13' title="bbox 227 1234 1752 1304; baseline -0.004 -14"><span class='ocrx_word' id='word_1_99' title='bbox 227 1238 635 1304; x_wconf 81' lang='grc' dir='ltr'>προσποιούμενος</span> <span class='ocrx_word' id='word_1_100' title='bbox 675 1238 846 1290; x_wconf 79' lang='grc' dir='ltr'>ἄκακος</span> <span class='ocrx_word' id='word_1_101' title='bbox 886 1235 1014 1295; x_wconf 80' lang='grc' dir='ltr'>εἶναι,</span> <span class='ocrx_word' id='word_1_102' title='bbox 1053 1235 1323 1304; x_wconf 74' lang='grc' dir='ltr'>ἐξηπάτησε</span> <span class='ocrx_word' id='word_1_103' title='bbox 1367 1234 1473 1288; x_wconf 78' lang='grc' dir='ltr'>τοὺς</span> <span class='ocrx_word' id='word_1_104' title='bbox 1512 1234 1752 1288; x_wconf 87' lang='grc' dir='ltr'>δικαστάς.</span> 
     </span>
     <span class='ocr_line' id='line_1_14' title="bbox 229 1319 1759 1387; baseline -0.003 -13"><span class='ocrx_word' id='word_1_105' title='bbox 229 1324 389 1387; x_wconf 86' lang='grc' dir='ltr'>δεόμαι</span> <span class='ocrx_word' id='word_1_106' title='bbox 435 1324 472 1373; x_wconf 88' lang='grc' dir='ltr'>δ’</span> <span class='ocrx_word' id='word_1_107' title='bbox 522 1324 651 1386; x_wconf 80' lang='grc' dir='ltr'>ὑμῶν</span> <span class='ocrx_word' id='word_1_108' title='bbox 701 1324 799 1373; x_wconf 74' lang='grc' dir='ltr'>νυνὶ</span> <span class='ocrx_word' id='word_1_109' title='bbox 846 1321 1028 1372; x_wconf 91' lang='grc' dir='ltr'>δικαίαν</span> <span class='ocrx_word' id='word_1_110' title='bbox 1074 1321 1249 1385; x_wconf 84' lang='grc' dir='ltr'>δεήσιν,</span> <span class='ocrx_word' id='word_1_111' title='bbox 1295 1319 1392 1383; x_wconf 82' lang='grc' dir='ltr'>ἅμα</span> <span class='ocrx_word' id='word_1_112' title='bbox 1442 1319 1526 1383; x_wconf 77' lang='grc' dir='ltr'>μὲν</span> <span class='ocrx_word' id='word_1_113' title='bbox 1571 1319 1759 1370; x_wconf 88' lang='grc' dir='ltr'>δικάσαι</span> 
     </span>
     <span class='ocr_line' id='line_1_15' title="bbox 230 1403 1761 1475; baseline -0.004 -15"><span class='ocrx_word' id='word_1_114' title='bbox 230 1410 336 1474; x_wconf 79' lang='grc' dir='ltr'>περὶ</span> <span class='ocrx_word' id='word_1_115' title='bbox 372 1410 455 1471; x_wconf 85' lang='grc' dir='ltr'>τῆς</span> <span class='ocrx_word' id='word_1_116' title='bbox 490 1408 763 1474; x_wconf 89' lang='grc' dir='ltr'>μαρτυρίας,</span> <span class='ocrx_word' id='word_1_117' title='bbox 794 1406 971 1473; x_wconf 88' lang='grc' dir='ltr'>πότερα</span> <span class='ocrx_word' id='word_1_118' title='bbox 1001 1405 1181 1475; x_wconf 84' lang='grc' dir='ltr'>ψευδής</span> <span class='ocrx_word' id='word_1_119' title='bbox 1217 1408 1348 1457; x_wconf 86' lang='grc' dir='ltr'>ἐστιν</span> <span class='ocrx_word' id='word_1_120' title='bbox 1381 1403 1410 1469; x_wconf 81' lang='grc' dir='ltr'>ἢ</span> <span class='ocrx_word' id='word_1_121' title='bbox 1443 1403 1637 1469; x_wconf 80' lang='grc' dir='ltr'>ἀληθὴς,</span> <span class='ocrx_word' id='word_1_122' title='bbox 1665 1404 1761 1468; x_wconf 82' lang='grc' dir='ltr'>ἅμα</span> 
     </span>
    </p>

    <p class='ocr_par' dir='ltr' id='par_1_5' title="bbox 164 1488 1824 2149">
     <span class='ocr_line' id='line_1_16' title="bbox 164 1488 1762 1559; baseline -0.003 -15"><span class='ocrx_word' id='word_1_123' title='bbox 164 1514 218 1554; x_wconf 85' lang='grc'>59</span> <span class='ocrx_word' id='word_1_124' title='bbox 233 1492 281 1544; x_wconf 78' lang='grc' dir='ltr'>δὲ</span> <span class='ocrx_word' id='word_1_125' title='bbox 319 1494 424 1558; x_wconf 79' lang='grc' dir='ltr'>περὶ</span> <span class='ocrx_word' id='word_1_126' title='bbox 467 1497 550 1542; x_wconf 91' lang='grc' dir='ltr'>τοῦ</span> <span class='ocrx_word' id='word_1_127' title='bbox 594 1489 875 1557; x_wconf 86' lang='grc' dir='ltr'>πράγματος</span> <span class='ocrx_word' id='word_1_128' title='bbox 914 1491 971 1559; x_wconf 75' lang='grc' dir='ltr'>ἐξ</span> <span class='ocrx_word' id='word_1_129' title='bbox 1005 1493 1153 1557; x_wconf 81' lang='grc' dir='ltr'>ἀρχῆς</span> <span class='ocrx_word' id='word_1_130' title='bbox 1193 1490 1488 1559; x_wconf 77' lang='grc' dir='ltr'>σκέψασθαι.</span> <span class='ocrx_word' id='word_1_131' title='bbox 1547 1488 1639 1554; x_wconf 73' lang='grc' dir='ltr'>ἐγὼ</span> <span class='ocrx_word' id='word_1_132' title='bbox 1677 1488 1762 1552; x_wconf 74' lang='grc' dir='ltr'>μὲν</span> 
     </span>
     <span class='ocr_line' id='line_1_17' title="bbox 233 1570 1815 1642; baseline -0.003 -16"><span class='ocrx_word' id='word_1_133' title='bbox 233 1577 401 1638; x_wconf 84' lang='grc' dir='ltr'>τοίνυν,</span> <span class='ocrx_word' id='word_1_134' title='bbox 436 1580 496 1629; x_wconf 78' lang='grc' dir='ltr'>εὶς</span> <span class='ocrx_word' id='word_1_135' title='bbox 533 1574 563 1626; x_wconf 79' lang='grc' dir='ltr'>ἃ</span> <span class='ocrx_word' id='word_1_136' title='bbox 598 1575 733 1628; x_wconf 73' lang='grc' dir='ltr'>οὗτος</span> <span class='ocrx_word' id='word_1_137' title='bbox 771 1574 1005 1642; x_wconf 78' lang='grc' dir='ltr'>κατέφυγε</span> <span class='ocrx_word' id='word_1_138' title='bbox 1044 1574 1150 1625; x_wconf 86' lang='grc' dir='ltr'>τότε</span> <span class='ocrx_word' id='word_1_139' title='bbox 1190 1576 1357 1635; x_wconf 84' lang='grc' dir='ltr'>δίκαια,</span> <span class='ocrx_word' id='word_1_140' title='bbox 1391 1575 1439 1624; x_wconf 85' lang='grc' dir='ltr'>ἐκ</span> <span class='ocrx_word' id='word_1_141' title='bbox 1478 1573 1654 1624; x_wconf 85' lang='grc' dir='ltr'>τούτων</span> <span class='ocrx_word' id='word_1_142' title='bbox 1689 1570 1755 1622; x_wconf 76' lang='grc' dir='ltr'>οἶ·</span> <span class='ocrx_word' id='word_1_143' title='bbox 1781 1594 1815 1623; x_wconf 83' lang='lat'>15</span> 
     </span>
     <span class='ocr_line' id='line_1_18' title="bbox 233 1658 1759 1726; baseline -0.003 -15"><span class='ocrx_word' id='word_1_144' title='bbox 233 1684 315 1725; x_wconf 90' lang='grc' dir='ltr'>μαι</span> <span class='ocrx_word' id='word_1_145' title='bbox 349 1663 442 1710; x_wconf 83' lang='grc' dir='ltr'>δεῖν</span> <span class='ocrx_word' id='word_1_146' title='bbox 477 1658 560 1710; x_wconf 79' lang='grc' dir='ltr'>τὸν</span> <span class='ocrx_word' id='word_1_147' title='bbox 594 1659 792 1726; x_wconf 75' lang='grc' dir='ltr'>ἔλεγχον</span> <span class='ocrx_word' id='word_1_148' title='bbox 823 1659 1060 1724; x_wconf 78' lang='grc' dir='ltr'>γενέσθαι,</span> <span class='ocrx_word' id='word_1_149' title='bbox 1088 1661 1137 1710; x_wconf 84' lang='grc' dir='ltr'>ἐκ</span> <span class='ocrx_word' id='word_1_150' title='bbox 1164 1661 1246 1722; x_wconf 78' lang='grc' dir='ltr'>τῆς</span> <span class='ocrx_word' id='word_1_151' title='bbox 1273 1659 1524 1724; x_wconf 81' lang='grc' dir='ltr'>ἀνθρώπου</span> <span class='ocrx_word' id='word_1_152' title='bbox 1551 1663 1759 1718; x_wconf 78' lang='grc' dir='ltr'>βασανι-</span> 
     </span>
     <span class='ocr_line' id='line_1_19' title="bbox 235 1739 1764 1810; baseline -0.004 -16"><span class='ocrx_word' id='word_1_153' title='bbox 235 1743 439 1810; x_wconf 73' lang='grc' dir='ltr'>ζομένης,</span> <span class='ocrx_word' id='word_1_154' title='bbox 468 1742 691 1808; x_wconf 82' lang='grc' dir='ltr'>ὁπότερος</span> <span class='ocrx_word' id='word_1_155' title='bbox 722 1741 835 1810; x_wconf 75' lang='grc' dir='ltr'>ἦρξε</span> <span class='ocrx_word' id='word_1_156' title='bbox 869 1746 1037 1809; x_wconf 86' lang='grc' dir='ltr'>χειρῶν</span> <span class='ocrx_word' id='word_1_157' title='bbox 1071 1742 1256 1792; x_wconf 81' lang='grc' dir='ltr'>ἀδίκων·</span> <span class='ocrx_word' id='word_1_158' title='bbox 1297 1746 1435 1791; x_wconf 89' lang='grc' dir='ltr'>τοῦτο</span> <span class='ocrx_word' id='word_1_159' title='bbox 1461 1739 1553 1806; x_wconf 86' lang='grc' dir='ltr'>γάρ</span> <span class='ocrx_word' id='word_1_160' title='bbox 1580 1741 1710 1790; x_wconf 90' lang='grc' dir='ltr'>ε’στιν</span> <span class='ocrx_word' id='word_1_161' title='bbox 1738 1740 1764 1802; x_wconf 79' lang='grc' dir='ltr'>ἡ</span> 
     </span>
     <span class='ocr_line' id='line_1_20' title="bbox 236 1824 1760 1893; baseline -0.004 -15"><span class='ocrx_word' id='word_1_162' title='bbox 236 1829 375 1878; x_wconf 75' lang='grc' dir='ltr'>αἰκία.</span> <span class='ocrx_word' id='word_1_163' title='bbox 439 1829 515 1877; x_wconf 82' lang='grc' dir='ltr'>καὶ</span> <span class='ocrx_word' id='word_1_164' title='bbox 551 1826 659 1880; x_wconf 78' lang='grc' dir='ltr'>τοῦς</span> <span class='ocrx_word' id='word_1_165' title='bbox 697 1824 938 1893; x_wconf 89' lang='grc' dir='ltr'>μάρτυρας</span> <span class='ocrx_word' id='word_1_166' title='bbox 976 1824 1051 1876; x_wconf 78' lang='grc' dir='ltr'>διὰ</span> <span class='ocrx_word' id='word_1_167' title='bbox 1089 1831 1228 1876; x_wconf 85' lang='grc' dir='ltr'>τοῦτο</span> <span class='ocrx_word' id='word_1_168' title='bbox 1265 1825 1415 1875; x_wconf 82' lang='grc' dir='ltr'>διώκω</span> <span class='ocrx_word' id='word_1_169' title='bbox 1453 1829 1548 1874; x_wconf 83' lang='grc' dir='ltr'>τῶν</span> <span class='ocrx_word' id='word_1_170' title='bbox 1583 1826 1760 1889; x_wconf 87' lang='grc' dir='ltr'>ψευδο-</span> 
     </span>
     <span class='ocr_line' id='line_1_21' title="bbox 238 1906 1824 1978; baseline -0.003 -16"><span class='ocrx_word' id='word_1_171' title='bbox 238 1916 520 1978; x_wconf 81' lang='grc' dir='ltr'>μαρτυριῶν,</span> <span class='ocrx_word' id='word_1_172' title='bbox 548 1911 620 1962; x_wconf 82' lang='grc' dir='ltr'>ὅτι</span> <span class='ocrx_word' id='word_1_173' title='bbox 645 1910 979 1977; x_wconf 83' lang='grc' dir='ltr'>ἐμαρτύρησαν</span> <span class='ocrx_word' id='word_1_174' title='bbox 1004 1910 1178 1960; x_wconf 74' lang='grc' dir='ltr'>ἐθέλειν</span> <span class='ocrx_word' id='word_1_175' title='bbox 1204 1907 1512 1974; x_wconf 79' lang='grc' dir='ltr'>παραδιδόναι</span> <span class='ocrx_word' id='word_1_176' title='bbox 1539 1906 1621 1958; x_wconf 78' lang='grc' dir='ltr'>τὸν</span> <span class='ocrx_word' id='word_1_177' title='bbox 1648 1906 1767 1957; x_wconf 76' lang='grc' dir='ltr'>Θεό-</span> <span class='ocrx_word' id='word_1_178' title='bbox 1784 1931 1824 1951; x_wconf 77' lang='lat'>20</span> 
     </span>
     <span class='ocr_line' id='line_1_22' title="bbox 239 1991 1769 2064; baseline -0.005 -17"><span class='ocrx_word' id='word_1_179' title='bbox 239 2002 401 2064; x_wconf 91' lang='grc' dir='ltr'>φημον</span> <span class='ocrx_word' id='word_1_180' title='bbox 421 1996 506 2059; x_wconf 89' lang='grc' dir='ltr'>τὴν</span> <span class='ocrx_word' id='word_1_181' title='bbox 533 1996 798 2060; x_wconf 77' lang='grc' dir='ltr'>ἄνθρωπον,</span> <span class='ocrx_word' id='word_1_182' title='bbox 819 1995 1025 2055; x_wconf 80' lang='grc' dir='ltr'>οὐδαμοῦ</span> <span class='ocrx_word' id='word_1_183' title='bbox 1051 1992 1104 2043; x_wconf 78' lang='grc' dir='ltr'>τὸ</span> <span class='ocrx_word' id='word_1_184' title='bbox 1129 1998 1274 2056; x_wconf 81' lang='grc' dir='ltr'>σῶμα</span> <span class='ocrx_word' id='word_1_185' title='bbox 1298 1991 1639 2058; x_wconf 83' lang='grc' dir='ltr'>παραδιδόντος</span> <span class='ocrx_word' id='word_1_186' title='bbox 1665 1992 1769 2041; x_wconf 74' lang='grc' dir='ltr'>οὔτε</span> 
     </span>
     <span class='ocr_line' id='line_1_23' title="bbox 240 2074 1766 2149; baseline -0.004 -17"><span class='ocrx_word' id='word_1_187' title='bbox 240 2080 389 2147; x_wconf 67' lang='grc' dir='ltr'>οπρὸς</span> <span class='ocrx_word' id='word_1_188' title='bbox 427 2085 493 2149; x_wconf 70' lang='grc' dir='ltr'>τῷ</span> <span class='ocrx_word' id='word_1_189' title='bbox 530 2083 741 2146; x_wconf 85' lang='grc' dir='ltr'>διαιτητῇ</span> <span class='ocrx_word' id='word_1_190' title='bbox 779 2080 882 2129; x_wconf 79' lang='grc' dir='ltr'>οὔτε</span> <span class='ocrx_word' id='word_1_191' title='bbox 920 2080 1132 2144; x_wconf 80' lang='grc' dir='ltr'>ὕστερον,</span> <span class='ocrx_word' id='word_1_192' title='bbox 1165 2077 1401 2130; x_wconf 80' lang='grc' dir='ltr'>πολλάκις</span> <span class='ocrx_word' id='word_1_193' title='bbox 1432 2078 1543 2140; x_wconf 80' lang='grc' dir='ltr'>ἐμοῦ</span> <span class='ocrx_word' id='word_1_194' title='bbox 1579 2074 1766 2144; x_wconf 74' lang='grc' dir='ltr'>ἐξαιτή-</span> 
     </span>
    </p>

    <p class='ocr_par' dir='ltr' id='par_1_6' title="bbox 174 2159 1824 2566">
     <span class='ocr_line' id='line_1_24' title="bbox 174 2159 1767 2227; baseline -0.004 -12"><span class='ocrx_word' id='word_1_195' title='bbox 174 2181 228 2216; x_wconf 69' lang='lat'>(20</span> <span class='ocrx_word' id='word_1_196' title='bbox 242 2187 432 2218; x_wconf 88' lang='grc' dir='ltr'>σαντος.</span> <span class='ocrx_word' id='word_1_197' title='bbox 485 2166 658 2226; x_wconf 78' lang='grc' dir='ltr'>διπλῆν</span> <span class='ocrx_word' id='word_1_198' title='bbox 685 2163 766 2213; x_wconf 80' lang='grc' dir='ltr'>οῦν</span> <span class='ocrx_word' id='word_1_199' title='bbox 794 2160 959 2215; x_wconf 79' lang='grc' dir='ltr'>αὐτοῦς</span> <span class='ocrx_word' id='word_1_200' title='bbox 982 2160 1080 2212; x_wconf 53' lang='grc' dir='ltr'>(Ῑδεῖ</span> <span class='ocrx_word' id='word_1_201' title='bbox 1103 2163 1258 2224; x_wconf 63' lang='grc' dir='ltr'>6δίκην</span> <span class='ocrx_word' id='word_1_202' title='bbox 1287 2165 1458 2223; x_wconf 87' lang='grc' dir='ltr'>δοῦναι,</span> <span class='ocrx_word' id='word_1_203' title='bbox 1484 2160 1553 2210; x_wconf 80' lang='grc' dir='ltr'>ὅτι</span> <span class='ocrx_word' id='word_1_204' title='bbox 1581 2182 1629 2209; x_wconf 94' lang='grc' dir='ltr'>τε</span> <span class='ocrx_word' id='word_1_205' title='bbox 1656 2159 1767 2227; x_wconf 74' lang='grc' dir='ltr'>ἐξη-</span> 
     </span>
     <span class='ocr_line' id='line_1_25' title="bbox 241 2243 1768 2314; baseline -0.005 -14"><span class='ocrx_word' id='word_1_206' title='bbox 241 2248 465 2312; x_wconf 82' lang='grc' dir='ltr'>πάτησαν</span> <span class='ocrx_word' id='word_1_207' title='bbox 518 2246 624 2301; x_wconf 78' lang='grc' dir='ltr'>τοῦς</span> <span class='ocrx_word' id='word_1_208' title='bbox 677 2245 904 2299; x_wconf 79' lang='grc' dir='ltr'>δικαστὰς</span> <span class='ocrx_word' id='word_1_209' title='bbox 954 2249 1143 2314; x_wconf 87' lang='grc' dir='ltr'>ψευδεῖς</span> <span class='ocrx_word' id='word_1_210' title='bbox 1200 2247 1456 2312; x_wconf 87' lang='grc' dir='ltr'>μαρτυρίας</span> <span class='ocrx_word' id='word_1_211' title='bbox 1513 2243 1768 2310; x_wconf 81' lang='grc' dir='ltr'>παρασχό-</span> 
     </span>
     <span class='ocr_line' id='line_1_26' title="bbox 242 2331 1824 2399; baseline -0.004 -15"><span class='ocrx_word' id='word_1_212' title='bbox 242 2356 384 2396; x_wconf 91' lang='grc' dir='ltr'>μενοι,</span> <span class='ocrx_word' id='word_1_213' title='bbox 418 2337 650 2397; x_wconf 83' lang='grc' dir='ltr'>κηδεστοῦ</span> <span class='ocrx_word' id='word_1_214' title='bbox 686 2335 760 2382; x_wconf 79' lang='grc' dir='ltr'>καὶ</span> <span class='ocrx_word' id='word_1_215' title='bbox 796 2333 1022 2399; x_wconf 78' lang='grc' dir='ltr'>ἀδελφοῦ,</span> <span class='ocrx_word' id='word_1_216' title='bbox 1059 2334 1133 2381; x_wconf 78' lang='grc' dir='ltr'>καὶ</span> <span class='ocrx_word' id='word_1_217' title='bbox 1171 2331 1241 2381; x_wconf 81' lang='grc' dir='ltr'>ὅτι</span> <span class='ocrx_word' id='word_1_218' title='bbox 1279 2331 1356 2394; x_wconf 75' lang='grc' dir='ltr'>ἐμὲ</span> <span class='ocrx_word' id='word_1_219' title='bbox 1390 2331 1634 2394; x_wconf 87' lang='grc' dir='ltr'>ἠδίκησαν,</span> <span class='ocrx_word' id='word_1_220' title='bbox 1670 2336 1766 2378; x_wconf 87' lang='grc' dir='ltr'>λει-</span> <span class='ocrx_word' id='word_1_221' title='bbox 1791 2350 1824 2378; x_wconf 78' lang='lat'>25</span> 
     </span>
     <span class='ocr_line' id='line_1_27' title="bbox 245 2413 1770 2483; baseline -0.004 -15"><span class='ocrx_word' id='word_1_222' title='bbox 245 2423 534 2483; x_wconf 88' lang='grc' dir='ltr'>τουργοῦντα</span> <span class='ocrx_word' id='word_1_223' title='bbox 567 2416 651 2475; x_wconf 77' lang='grc' dir='ltr'>μὲν</span> <span class='ocrx_word' id='word_1_224' title='bbox 684 2418 790 2479; x_wconf 82' lang='grc' dir='ltr'>ὑμῖν</span> <span class='ocrx_word' id='word_1_225' title='bbox 815 2415 1083 2482; x_wconf 76' lang='grc' dir='ltr'>προθύμως,</span> <span class='ocrx_word' id='word_1_226' title='bbox 1111 2421 1336 2466; x_wconf 88' lang='grc' dir='ltr'>ποιοῦντα</span> <span class='ocrx_word' id='word_1_227' title='bbox 1363 2415 1410 2466; x_wconf 74' lang='grc' dir='ltr'>δὲ</span> <span class='ocrx_word' id='word_1_228' title='bbox 1438 2413 1496 2464; x_wconf 79' lang='grc' dir='ltr'>τὰ</span> <span class='ocrx_word' id='word_1_229' title='bbox 1523 2436 1770 2480; x_wconf 90' lang='grc' dir='ltr'>προστατ-</span> 
     </span>
     <span class='ocr_line' id='line_1_28' title="bbox 244 2499 1775 2566; baseline -0.004 -14"><span class='ocrx_word' id='word_1_230' title='bbox 244 2502 432 2565; x_wconf 88' lang='grc' dir='ltr'>τόμενα,</span> <span class='ocrx_word' id='word_1_231' title='bbox 469 2503 788 2566; x_wconf 82' lang='grc' dir='ltr'>ὑπηρετοῦντα</span> <span class='ocrx_word' id='word_1_232' title='bbox 824 2499 870 2550; x_wconf 75' lang='grc' dir='ltr'>δὲ</span> <span class='ocrx_word' id='word_1_233' title='bbox 909 2505 1005 2553; x_wconf 85' lang='grc' dir='ltr'>τοῖς</span> <span class='ocrx_word' id='word_1_234' title='bbox 1045 2500 1202 2562; x_wconf 85' lang='grc' dir='ltr'>νόμοις</span> <span class='ocrx_word' id='word_1_235' title='bbox 1241 2501 1315 2549; x_wconf 79' lang='grc' dir='ltr'>καὶ</span> <span class='ocrx_word' id='word_1_236' title='bbox 1354 2503 1448 2551; x_wconf 85' lang='grc' dir='ltr'>τοῖς</span> <span class='ocrx_word' id='word_1_237' title='bbox 1482 2499 1775 2566; x_wconf 79' lang='grc' dir='ltr'>ψηφίσμασι</span> 
     </span>
    </p>

    <p class='ocr_par' dir='ltr' id='par_1_7' title="bbox 181 2580 1774 2651">
     <span class='ocr_line' id='line_1_29' title="bbox 181 2580 1774 2651; baseline -0.003 -17"><span class='ocrx_word' id='word_1_238' title='bbox 181 2592 343 2639; x_wconf 80' lang='grc' dir='ltr'>61τοῖς</span> <span class='ocrx_word' id='word_1_239' title='bbox 389 2586 638 2651; x_wconf 74' lang='grc' dir='ltr'>ὑμετέροις.</span> <span class='ocrx_word' id='word_1_240' title='bbox 701 2587 763 2637; x_wconf 81' lang='grc' dir='ltr'>ὡς</span> <span class='ocrx_word' id='word_1_241' title='bbox 802 2585 838 2634; x_wconf 86' lang='grc' dir='ltr'>δ’</span> <span class='ocrx_word' id='word_1_242' title='bbox 882 2585 964 2634; x_wconf 82' lang='grc' dir='ltr'>οὐκ</span> <span class='ocrx_word' id='word_1_243' title='bbox 1005 2583 1096 2648; x_wconf 76' lang='grc' dir='ltr'>ἐγώ</span> <span class='ocrx_word' id='word_1_244' title='bbox 1140 2583 1282 2646; x_wconf 90' lang='grc' dir='ltr'>μόνος</span> <span class='ocrx_word' id='word_1_245' title='bbox 1325 2583 1604 2647; x_wconf 75' lang='grc' dir='ltr'>παρέλαβον</span> <span class='ocrx_word' id='word_1_246' title='bbox 1645 2580 1774 2645; x_wconf 73' lang='grc' dir='ltr'>παρὰ</span> 
     </span>
    </p>
   </div>
   <div class='ocr_carea' id='block_1_3' title="bbox 248 2664 1901 2737">
    <p class='ocr_par' dir='ltr' id='par_1_8' title="bbox 248 2664 1901 2737">
     <span class='ocr_line' id='line_1_30' title="bbox 248 2664 1901 2737; baseline -0.004 -17"><span class='ocrx_word' id='word_1_247' title='bbox 248 2674 329 2732; x_wconf 78' lang='grc' dir='ltr'>τῆς</span> <span class='ocrx_word' id='word_1_248' title='bbox 363 2672 509 2737; x_wconf 76' lang='grc' dir='ltr'>ἀρχῆς</span> <span class='ocrx_word' id='word_1_249' title='bbox 545 2675 711 2720; x_wconf 91' lang='grc' dir='ltr'>τοῦτον</span> <span class='ocrx_word' id='word_1_250' title='bbox 743 2668 1097 2736; x_wconf 72' lang='grc' dir='ltr'>εἰσπράξασθαι</span> <span class='ocrx_word' id='word_1_251' title='bbox 1132 2669 1278 2730; x_wconf 82' lang='grc' dir='ltr'>σκεύη</span> <span class='ocrx_word' id='word_1_252' title='bbox 1310 2667 1565 2733; x_wconf 87' lang='grc' dir='ltr'>ὀφείλοντα</span> <span class='ocrx_word' id='word_1_253' title='bbox 1597 2669 1654 2731; x_wconf 81' lang='grc' dir='ltr'>τῇ</span> <span class='ocrx_word' id='word_1_254' title='bbox 1680 2664 1769 2714; x_wconf 88' lang='grc' dir='ltr'>πό-</span> <span class='ocrx_word' id='word_1_255' title='bbox 1799 2684 1901 2721; x_wconf 74' lang='lat'><strong>¹¹54</strong></span> 
     </span>
    </p>
   </div>
   <div class='ocr_carea' id='block_1_4' title="bbox 251 2850 1774 3061">
    <p class='ocr_par' dir='ltr' id='par_1_9' title="bbox 251 2850 1774 3061">
     <span class='ocr_line' id='line_1_31' title="bbox 306 2850 1773 2899; baseline -0.007 -8"><span class='ocrx_word' id='word_1_256' title='bbox 306 2862 323 2880; x_wconf 68' lang='grc' dir='ltr'><strong>Χ</strong></span> <span class='ocrx_word' id='word_1_257' title='bbox 345 2855 415 2890; x_wconf 76' lang='grc' dir='ltr'>τότ’</span> <span class='ocrx_word' id='word_1_258' title='bbox 435 2858 566 2897; x_wconf 76' lang='grc' dir='ltr'>ἔλαβον</span> <span class='ocrx_word' id='word_1_259' title='bbox 588 2857 623 2890; x_wconf 86' lang='lat' dir='ltr'>S.</span> <span class='ocrx_word' id='word_1_260' title='bbox 655 2857 784 2896; x_wconf 76' lang='grc' dir='ltr'>ἔλαβον</span> <span class='ocrx_word' id='word_1_261' title='bbox 803 2857 881 2888; x_wconf 84' lang='grc' dir='ltr'>τότε</span> <span class='ocrx_word' id='word_1_262' title='bbox 902 2856 1018 2899; x_wconf 75' lang='lat' dir='ltr'>vulgo.</span> <span class='ocrx_word' id='word_1_263' title='bbox 1150 2860 1167 2886; x_wconf 68' lang='lat' dir='ltr'><strong><em>Y</em></strong></span> <span class='ocrx_word' id='word_1_264' title='bbox 1188 2850 1515 2898; x_wconf 76' lang='grc' dir='ltr'>προσεκαλεσάμην]</span> <span class='ocrx_word' id='word_1_265' title='bbox 1540 2850 1773 2894; x_wconf 75' lang='grc' dir='ltr'>προεκαλεσά-</span> 
     </span>
     <span class='ocr_line' id='line_1_32' title="bbox 252 2903 1774 2955; baseline -0.006 -12"><span class='ocrx_word' id='word_1_266' title='bbox 252 2925 315 2954; x_wconf 88' lang='grc' dir='ltr'>μην</span> <span class='ocrx_word' id='word_1_267' title='bbox 337 2910 372 2943; x_wconf 83' lang='lat' dir='ltr'>S.</span> <span class='ocrx_word' id='word_1_268' title='bbox 477 2916 492 2934; x_wconf 71' lang='grc' dir='ltr'><strong><em>Ζ</em></strong></span> <span class='ocrx_word' id='word_1_269' title='bbox 514 2909 636 2955; x_wconf 79' lang='grc' dir='ltr'>ιιῖκῖας]</span> <span class='ocrx_word' id='word_1_270' title='bbox 661 2911 719 2952; x_wconf 73' lang='grc' dir='ltr'>τῆς</span> <span class='ocrx_word' id='word_1_271' title='bbox 739 2909 845 2943; x_wconf 80' lang='grc' dir='ltr'>ιιῖκίας</span> <span class='ocrx_word' id='word_1_272' title='bbox 867 2909 901 2942; x_wconf 77' lang='lat' dir='ltr'>S.</span> <span class='ocrx_word' id='word_1_273' title='bbox 1000 2914 1018 2932; x_wconf 70' lang='lat' dir='ltr'>st</span> <span class='ocrx_word' id='word_1_274' title='bbox 1037 2903 1458 2952; x_wconf 75' lang='grc' dir='ltr'>ἀντιπροσκαλεσαμένου]</span> <span class='ocrx_word' id='word_1_275' title='bbox 1483 2903 1774 2947; x_wconf 81' lang='grc' dir='ltr'>ἀντιπροκαλεσα-</span> 
     </span>
     <span class='ocr_line' id='line_1_33' title="bbox 251 2953 1772 3007; baseline -0.006 -10"><span class='ocrx_word' id='word_1_276' title='bbox 251 2966 354 3007; x_wconf 85' lang='grc' dir='ltr'>μένου</span> <span class='ocrx_word' id='word_1_277' title='bbox 376 2963 410 2997; x_wconf 82' lang='lat' dir='ltr'>S.</span> <span class='ocrx_word' id='word_1_278' title='bbox 483 2960 500 2987; x_wconf 73' lang='lat' dir='ltr'>b</span> <span class='ocrx_word' id='word_1_279' title='bbox 522 2964 673 2997; x_wconf 78' lang='grc' dir='ltr'>κακεῖνου</span> <span class='ocrx_word' id='word_1_280' title='bbox 695 2963 730 2996; x_wconf 83' lang='lat' dir='ltr'>S.</span> <span class='ocrx_word' id='word_1_281' title='bbox 763 2964 816 2996; x_wconf 79' lang='grc' dir='ltr'>καὶ</span> <span class='ocrx_word' id='word_1_282' title='bbox 837 2963 962 2996; x_wconf 81' lang='grc' dir='ltr'>ἐκείνου</span> <span class='ocrx_word' id='word_1_283' title='bbox 979 2962 1096 3006; x_wconf 79' lang='lat' dir='ltr'><strong>vulgo.</strong></span> <span class='ocrx_word' id='word_1_284' title='bbox 1168 2966 1183 2984; x_wconf 78' lang='lat'><em>0</em></span> <span class='ocrx_word' id='word_1_285' title='bbox 1203 2959 1305 3004; x_wconf 80' lang='grc' dir='ltr'>πρὸς]</span> <span class='ocrx_word' id='word_1_286' title='bbox 1328 2958 1383 2991; x_wconf 82' lang='grc' dir='ltr'>ὅτε</span> <span class='ocrx_word' id='word_1_287' title='bbox 1403 2957 1488 3002; x_wconf 84' lang='grc' dir='ltr'>πρὸς</span> <span class='ocrx_word' id='word_1_288' title='bbox 1506 2956 1595 2994; x_wconf 63' lang='lat' dir='ltr'>RQ.</span> <span class='ocrx_word' id='word_1_289' title='bbox 1667 2953 1684 2979; x_wconf 68' lang='lat'>(¹</span> <span class='ocrx_word' id='word_1_290' title='bbox 1706 2955 1772 3000; x_wconf 76' lang='grc' dir='ltr'>δεῖ]</span> 
     </span>
     <span class='ocr_line' id='line_1_34' title="bbox 252 3013 1361 3061; baseline -0.005 -11"><span class='ocrx_word' id='word_1_291' title='bbox 252 3018 318 3050; x_wconf 68' lang='grc' dir='ltr'>ἔδει</span> <span class='ocrx_word' id='word_1_292' title='bbox 340 3017 430 3056; x_wconf 83' lang='lat' dir='ltr'>FQ.</span> <span class='ocrx_word' id='word_1_293' title='bbox 543 3022 557 3041; x_wconf 71' lang='lat' dir='ltr'>e</span> <span class='ocrx_word' id='word_1_294' title='bbox 578 3016 671 3060; x_wconf 83' lang='grc' dir='ltr'>δίκην</span> <span class='ocrx_word' id='word_1_295' title='bbox 692 3016 806 3050; x_wconf 85' lang='grc' dir='ltr'>δοῦναι</span> <span class='ocrx_word' id='word_1_296' title='bbox 829 3016 864 3049; x_wconf 77' lang='lat' dir='ltr'>S.</span> <span class='ocrx_word' id='word_1_297' title='bbox 903 3015 1101 3061; x_wconf 77' lang='lat' dir='ltr'>Legcbsstur</span> <span class='ocrx_word' id='word_1_298' title='bbox 1122 3014 1236 3047; x_wconf 80' lang='grc' dir='ltr'>δοῦναι</span> <span class='ocrx_word' id='word_1_299' title='bbox 1256 3013 1361 3055; x_wconf 80' lang='grc' dir='ltr'>δίκην.</span> 
     </span>
    </p>
   </div>
  </div>
 </body>
</html>
