<?xml version="1.0" encoding="UTF-8"?>
<!DOCTYPE html PUBLIC "-//W3C//DTD XHTML 1.0 Transitional//EN"
    "http://www.w3.org/TR/xhtml1/DTD/xhtml1-transitional.dtd">
<html xmlns="http://www.w3.org/1999/xhtml" xml:lang="en" lang="en">
 <head>
  <title>
</title>
<meta http-equiv="Content-Type" content="text/html;charset=utf-8" />
  <meta name='ocr-system' content='tesseract 3.04.00' />
  <meta name='ocr-capabilities' content='ocr_page ocr_carea ocr_par ocr_line ocrx_word'/>
</head>
<body>
  <div class='ocr_page' id='page_1' title='image "./operaexrecension00demouoft/operaexrecension00demouoft_0381.png"; bbox 0 0 2009 3286; ppageno 0'>
   <div class='ocr_carea' id='block_1_1' title="bbox 71 185 1717 239">
    <p class='ocr_par' dir='ltr' id='par_1_1' title="bbox 71 185 1717 239">
     <span class='ocr_line' id='line_1_1' title="bbox 71 185 1717 239; baseline -0.002 -13"><span class='ocrx_word' id='word_1_1' title='bbox 71 187 256 239; x_wconf 89' lang='lat'><em>—1467,</em></span> <span class='ocrx_word' id='word_1_2' title='bbox 280 201 328 226; x_wconf 89' lang='lat'>16.</span> <span class='ocrx_word' id='word_1_3' title='bbox 778 191 1063 228; x_wconf 85' lang='grc' dir='ltr'>ΕΠΙΣΤΟΛΗ</span> <span class='ocrx_word' id='word_1_4' title='bbox 1098 190 1143 226; x_wconf 90' lang='grc' dir='ltr'>Α.</span> <span class='ocrx_word' id='word_1_5' title='bbox 1610 185 1717 228; x_wconf 78' lang='lat'>1491</span> 
     </span>
    </p>
   </div>
   <div class='ocr_carea' id='block_1_2' title="bbox 130 300 1841 1045">
    <p class='ocr_par' dir='ltr' id='par_1_2' title="bbox 192 300 1772 539">
     <span class='ocr_line' id='line_1_2' title="bbox 194 300 1718 367; baseline -0.002 -16"><span class='ocrx_word' id='word_1_6' title='bbox 194 307 355 364; x_wconf 90' lang='grc' dir='ltr'>λεμος·</span> <span class='ocrx_word' id='word_1_7' title='bbox 397 302 509 351; x_wconf 82' lang='grc' dir='ltr'>ἀλλ’</span> <span class='ocrx_word' id='word_1_8' title='bbox 538 301 565 365; x_wconf 82' lang='grc' dir='ltr'>ἡ</span> <span class='ocrx_word' id='word_1_9' title='bbox 596 302 701 367; x_wconf 81' lang='grc' dir='ltr'>περὶ</span> <span class='ocrx_word' id='word_1_10' title='bbox 733 300 913 351; x_wconf 82' lang='grc' dir='ltr'>τούτων</span> <span class='ocrx_word' id='word_1_11' title='bbox 946 300 1244 366; x_wconf 87' lang='grc' dir='ltr'>μετάγνωσις</span> <span class='ocrx_word' id='word_1_12' title='bbox 1277 300 1396 365; x_wconf 75' lang='grc' dir='ltr'>ἧττα</span> <span class='ocrx_word' id='word_1_13' title='bbox 1430 302 1514 363; x_wconf 83' lang='grc' dir='ltr'>τῆς</span> <span class='ocrx_word' id='word_1_14' title='bbox 1546 321 1718 365; x_wconf 90' lang='grc' dir='ltr'>προαι-</span> 
     </span>
     <span class='ocr_line' id='line_1_3' title="bbox 192 383 1772 452; baseline -0.002 -16"><span class='ocrx_word' id='word_1_15' title='bbox 192 386 366 452; x_wconf 78' lang='grc' dir='ltr'>ρέσεως</span> <span class='ocrx_word' id='word_1_16' title='bbox 397 387 623 452; x_wconf 88' lang='grc' dir='ltr'>γίγνεται.</span> <span class='ocrx_word' id='word_1_17' title='bbox 680 393 698 412; x_wconf 86' lang='lat'>¹¹</span> <span class='ocrx_word' id='word_1_18' title='bbox 710 384 775 450; x_wconf 84' lang='grc' dir='ltr'>μὴ</span> <span class='ocrx_word' id='word_1_19' title='bbox 803 384 859 449; x_wconf 87' lang='grc' dir='ltr'>δὴ</span> <span class='ocrx_word' id='word_1_20' title='bbox 885 384 1115 450; x_wconf 85' lang='grc' dir='ltr'>ποιήσητε</span> <span class='ocrx_word' id='word_1_21' title='bbox 1152 391 1334 436; x_wconf 83' lang='grc' dir='ltr'>τοιοῦτο</span> <span class='ocrx_word' id='word_1_22' title='bbox 1370 383 1528 449; x_wconf 75' lang='grc' dir='ltr'>μηδὲν,</span> <span class='ocrx_word' id='word_1_23' title='bbox 1555 383 1666 433; x_wconf 86' lang='grc' dir='ltr'>ἀλλ’</span> <span class='ocrx_word' id='word_1_24' title='bbox 1695 384 1772 438; x_wconf 71' lang='lat'>525</span> 
     </span>
     <span class='ocr_line' id='line_1_4' title="bbox 193 470 1714 539; baseline -0.001 -19"><span class='ocrx_word' id='word_1_25' title='bbox 193 493 238 520; x_wconf 88' lang='grc' dir='ltr'>τι</span> <span class='ocrx_word' id='word_1_26' title='bbox 272 470 476 539; x_wconf 78' lang='grc' dir='ltr'>πράξετε</span> <span class='ocrx_word' id='word_1_27' title='bbox 510 471 733 536; x_wconf 77' lang='grc' dir='ltr'>γενναίως</span> <span class='ocrx_word' id='word_1_28' title='bbox 768 471 843 520; x_wconf 83' lang='grc' dir='ltr'>καὶ</span> <span class='ocrx_word' id='word_1_29' title='bbox 878 471 1073 534; x_wconf 85' lang='grc' dir='ltr'>ἑτοίμως</span> <span class='ocrx_word' id='word_1_30' title='bbox 1103 474 1204 523; x_wconf 92' lang='grc' dir='ltr'>ταῖς</span> <span class='ocrx_word' id='word_1_31' title='bbox 1229 472 1422 538; x_wconf 78' lang='grc' dir='ltr'>ψυχαῖς,</span> <span class='ocrx_word' id='word_1_32' title='bbox 1450 474 1588 519; x_wconf 84' lang='grc' dir='ltr'>τοῦτο</span> <span class='ocrx_word' id='word_1_33' title='bbox 1619 491 1714 535; x_wconf 90' lang='grc' dir='ltr'>χει-</span> 
     </span>
    </p>

    <p class='ocr_par' dir='ltr' id='par_1_3' title="bbox 130 553 1841 1045">
     <span class='ocr_line' id='line_1_5' title="bbox 130 553 1721 624; baseline -0.003 -18"><span class='ocrx_word' id='word_1_34' title='bbox 130 572 182 612; x_wconf 88' lang='lat'>16</span> <span class='ocrx_word' id='word_1_35' title='bbox 191 560 433 622; x_wconf 86' lang='grc' dir='ltr'>ροτονεῖτε,</span> <span class='ocrx_word' id='word_1_36' title='bbox 462 553 549 605; x_wconf 81' lang='grc' dir='ltr'>κᾶν</span> <span class='ocrx_word' id='word_1_37' title='bbox 578 553 715 624; x_wconf 77' lang='grc' dir='ltr'>ἅπαξ</span> <span class='ocrx_word' id='word_1_38' title='bbox 736 555 1045 623; x_wconf 77' lang='grc' dir='ltr'>ψηφίσησθε,</span> <span class='ocrx_word' id='word_1_39' title='bbox 1076 554 1159 606; x_wconf 85' lang='grc' dir='ltr'>τὸν</span> <span class='ocrx_word' id='word_1_40' title='bbox 1191 555 1288 606; x_wconf 86' lang='grc' dir='ltr'>Δία</span> <span class='ocrx_word' id='word_1_41' title='bbox 1323 553 1406 605; x_wconf 82' lang='grc' dir='ltr'>τὸν</span> <span class='ocrx_word' id='word_1_42' title='bbox 1434 555 1721 604; x_wconf 85' lang='grc' dir='ltr'>Δωδωναῖον</span> 
     </span>
     <span class='ocr_line' id='line_1_6' title="bbox 189 637 1716 702; baseline -0.002 -12"><span class='ocrx_word' id='word_1_43' title='bbox 189 641 266 690; x_wconf 79' lang='grc' dir='ltr'>καὶ</span> <span class='ocrx_word' id='word_1_44' title='bbox 303 638 411 693; x_wconf 71' lang='grc' dir='ltr'>τοὺς</span> <span class='ocrx_word' id='word_1_45' title='bbox 450 638 630 692; x_wconf 74' lang='grc' dir='ltr'>ἄλλους</span> <span class='ocrx_word' id='word_1_46' title='bbox 669 638 814 701; x_wconf 76' lang='grc' dir='ltr'>θεοὺς,</span> <span class='ocrx_word' id='word_1_47' title='bbox 854 638 897 689; x_wconf 72' lang='grc' dir='ltr'>οἳ</span> <span class='ocrx_word' id='word_1_48' title='bbox 940 638 1132 694; x_wconf 76' lang='grc' dir='ltr'>πολλὰς</span> <span class='ocrx_word' id='word_1_49' title='bbox 1174 641 1251 690; x_wconf 78' lang='grc' dir='ltr'>καὶ</span> <span class='ocrx_word' id='word_1_50' title='bbox 1290 637 1439 691; x_wconf 77' lang='grc' dir='ltr'>καλὰς</span> <span class='ocrx_word' id='word_1_51' title='bbox 1478 639 1554 688; x_wconf 80' lang='grc' dir='ltr'>καὶ</span> <span class='ocrx_word' id='word_1_52' title='bbox 1592 639 1716 702; x_wconf 84' lang='grc' dir='ltr'>ἀγα-</span> 
     </span>
     <span class='ocr_line' id='line_1_7' title="bbox 190 721 1714 792; baseline -0.003 -16"><span class='ocrx_word' id='word_1_53' title='bbox 190 724 276 778; x_wconf 78' lang='grc' dir='ltr'>θὰς</span> <span class='ocrx_word' id='word_1_54' title='bbox 302 725 378 774; x_wconf 82' lang='grc' dir='ltr'>καὶ</span> <span class='ocrx_word' id='word_1_55' title='bbox 405 726 597 789; x_wconf 84' lang='grc' dir='ltr'>ἀληθεῖς</span> <span class='ocrx_word' id='word_1_56' title='bbox 630 726 737 788; x_wconf 84' lang='grc' dir='ltr'>ὑμῖν</span> <span class='ocrx_word' id='word_1_57' title='bbox 770 724 987 788; x_wconf 83' lang='grc' dir='ltr'>μαντείας</span> <span class='ocrx_word' id='word_1_58' title='bbox 1015 722 1321 792; x_wconf 84' lang='grc' dir='ltr'>ἀνῃρήκασιν,</span> <span class='ocrx_word' id='word_1_59' title='bbox 1349 721 1582 788; x_wconf 76' lang='grc' dir='ltr'>ἡγεμόνας</span> <span class='ocrx_word' id='word_1_60' title='bbox 1607 744 1714 773; x_wconf 86' lang='grc' dir='ltr'>ποι-</span> 
     </span>
     <span class='ocr_line' id='line_1_8' title="bbox 190 807 1841 876; baseline -0.001 -17"><span class='ocrx_word' id='word_1_61' title='bbox 190 808 423 872; x_wconf 86' lang='grc' dir='ltr'>ησάμενοι</span> <span class='ocrx_word' id='word_1_62' title='bbox 463 811 539 860; x_wconf 80' lang='grc' dir='ltr'>καὶ</span> <span class='ocrx_word' id='word_1_63' title='bbox 576 809 1012 876; x_wconf 76' lang='grc' dir='ltr'>παρακαλέσαντες,</span> <span class='ocrx_word' id='word_1_64' title='bbox 1048 811 1124 860; x_wconf 81' lang='grc' dir='ltr'>καὶ</span> <span class='ocrx_word' id='word_1_65' title='bbox 1161 808 1281 860; x_wconf 80' lang='grc' dir='ltr'>κατὰ</span> <span class='ocrx_word' id='word_1_66' title='bbox 1314 813 1409 860; x_wconf 81' lang='grc' dir='ltr'>τῶν</span> <span class='ocrx_word' id='word_1_67' title='bbox 1445 807 1721 873; x_wconf 89' lang='grc' dir='ltr'>νικητηρίων</span> <span class='ocrx_word' id='word_1_68' title='bbox 1738 814 1841 866; x_wconf 85' lang='lat'>1467</span> 
     </span>
     <span class='ocr_line' id='line_1_9' title="bbox 188 893 1716 963; baseline -0.001 -19"><span class='ocrx_word' id='word_1_69' title='bbox 188 893 369 946; x_wconf 84' lang='grc' dir='ltr'>ἅπασιν</span> <span class='ocrx_word' id='word_1_70' title='bbox 408 895 563 948; x_wconf 81' lang='grc' dir='ltr'>αὐτοῖς</span> <span class='ocrx_word' id='word_1_71' title='bbox 602 894 859 963; x_wconf 76' lang='grc' dir='ltr'>εὐξάμενοι,</span> <span class='ocrx_word' id='word_1_72' title='bbox 899 893 1017 958; x_wconf 81' lang='grc' dir='ltr'>μετὰ</span> <span class='ocrx_word' id='word_1_73' title='bbox 1056 897 1138 958; x_wconf 86' lang='grc' dir='ltr'>τῆς</span> <span class='ocrx_word' id='word_1_74' title='bbox 1178 896 1360 960; x_wconf 84' lang='grc' dir='ltr'>ἀγαθῆς</span> <span class='ocrx_word' id='word_1_75' title='bbox 1399 893 1544 960; x_wconf 80' lang='grc' dir='ltr'>τύχης</span> <span class='ocrx_word' id='word_1_76' title='bbox 1582 893 1716 943; x_wconf 83' lang='grc' dir='ltr'>ε’λευ-</span> 
     </span>
     <span class='ocr_line' id='line_1_10' title="bbox 189 976 1122 1045; baseline -0.001 -16"><span class='ocrx_word' id='word_1_77' title='bbox 189 982 376 1045; x_wconf 86' lang='grc' dir='ltr'>θεροῦτε</span> <span class='ocrx_word' id='word_1_78' title='bbox 403 978 509 1032; x_wconf 76' lang='grc' dir='ltr'>τοὺς</span> <span class='ocrx_word' id='word_1_79' title='bbox 528 976 792 1042; x_wconf 57' lang='grc' dir='ltr'>”Έλληνας.</span> <span class='ocrx_word' id='word_1_80' title='bbox 845 979 1122 1045; x_wconf 77' lang='grc' dir='ltr'>εὐτυχεῖτε.0</span> 
     </span>
    </p>
   </div>
   <div class='ocr_carea' id='block_1_3' title="bbox 364 1142 1536 1453">
    <p class='ocr_par' dir='ltr' id='par_1_4' title="bbox 364 1142 1536 1453">
     <span class='ocr_line' id='line_1_11' title="bbox 766 1142 1139 1171; baseline -0.005 -12"><span class='ocrx_word' id='word_1_81' title='bbox 766 1142 1139 1171; x_wconf 39' lang='grc' dir='ltr'>,ψ’</span> 
     </span>
     <span class='ocr_line' id='line_1_12' title="bbox 922 1265 978 1311; baseline -0.018 0"><span class='ocrx_word' id='word_1_82' title='bbox 922 1265 978 1311; x_wconf 83' lang='grc' dir='ltr'>Β.</span> 
     </span>
     <span class='ocr_line' id='line_1_13' title="bbox 364 1398 1536 1453; baseline -0.002 -1"><span class='ocrx_word' id='word_1_83' title='bbox 364 1400 555 1453; x_wconf 90' lang='grc' dir='ltr'>ΠΕΡΙ</span> <span class='ocrx_word' id='word_1_84' title='bbox 605 1400 775 1451; x_wconf 77' lang='grc' dir='ltr'>ΤΗΣ</span> <span class='ocrx_word' id='word_1_85' title='bbox 832 1399 1057 1451; x_wconf 77' lang='grc' dir='ltr'>ΙΔΙΑΣ</span> <span class='ocrx_word' id='word_1_86' title='bbox 1111 1398 1536 1451; x_wconf 77' lang='grc' dir='ltr'>ΚΑΘΟΔΟΤ.</span> 
     </span>
    </p>
   </div>
   <div class='ocr_carea' id='block_1_4' title="bbox 185 1543 1709 1717">
    <p class='ocr_par' dir='ltr' id='par_1_5' title="bbox 185 1543 1709 1717">
     <span class='ocr_line' id='line_1_14' title="bbox 208 1543 1696 1583; baseline -0.003 0"><span class='ocrx_word' id='word_1_87' title='bbox 208 1545 605 1583; x_wconf 79' lang='grc' dir='ltr'>ΔΗΜΟΣΘΕΝΗΣ</span> <span class='ocrx_word' id='word_1_88' title='bbox 637 1546 730 1583; x_wconf 85' lang='grc' dir='ltr'>ΤΙ-Ιι</span> <span class='ocrx_word' id='word_1_89' title='bbox 762 1546 964 1583; x_wconf 65' lang='lat' dir='ltr'><em>BO&#39;TAHL</em></span> <span class='ocrx_word' id='word_1_90' title='bbox 997 1545 1086 1582; x_wconf 87' lang='grc' dir='ltr'>ΚΑΙ</span> <span class='ocrx_word' id='word_1_91' title='bbox 1118 1544 1210 1581; x_wconf 82' lang='grc' dir='ltr'>ΤΩΙ,</span> <span class='ocrx_word' id='word_1_92' title='bbox 1244 1543 1427 1580; x_wconf 81' lang='grc' dir='ltr'>ΔΗΜΩι</span> <span class='ocrx_word' id='word_1_93' title='bbox 1459 1543 1696 1580; x_wconf 82' lang='grc' dir='ltr'><strong>ΧΑΙΡΕῙΝ.</strong></span> 
     </span>
     <span class='ocr_line' id='line_1_15' title="bbox 185 1624 1709 1717; baseline -0.001 -17"><span class='ocrx_word' id='word_1_94' title='bbox 185 1624 589 1700; x_wconf 83' lang='lat' dir='ltr'><strong>ENOMIZON</strong></span> <span class='ocrx_word' id='word_1_95' title='bbox 625 1648 709 1711; x_wconf 79' lang='grc' dir='ltr'>μὲν</span> <span class='ocrx_word' id='word_1_96' title='bbox 739 1650 819 1717; x_wconf 83' lang='grc' dir='ltr'>ἀφ’</span> <span class='ocrx_word' id='word_1_97' title='bbox 850 1646 916 1698; x_wconf 78' lang='grc' dir='ltr'>ὧν</span> <span class='ocrx_word' id='word_1_98' title='bbox 948 1645 1300 1710; x_wconf 84' lang='grc' dir='ltr'>ἐπολιτευόμην,</span> <span class='ocrx_word' id='word_1_99' title='bbox 1332 1647 1418 1713; x_wconf 80' lang='grc' dir='ltr'>οὐχ</span> <span class='ocrx_word' id='word_1_100' title='bbox 1454 1646 1581 1699; x_wconf 81' lang='grc' dir='ltr'>ὅπως</span> <span class='ocrx_word' id='word_1_101' title='bbox 1615 1669 1709 1710; x_wconf 88' lang='grc' dir='ltr'>μη-</span> 
     </span>
    </p>
   </div>
   <div class='ocr_carea' id='block_1_5' title="bbox 149 1730 1763 2945">
    <p class='ocr_par' dir='ltr' id='par_1_6' title="bbox 149 1730 1763 2809">
     <span class='ocr_line' id='line_1_16' title="bbox 184 1730 1713 1796; baseline -0.001 -14"><span class='ocrx_word' id='word_1_102' title='bbox 184 1731 260 1783; x_wconf 81' lang='grc' dir='ltr'>δὲν</span> <span class='ocrx_word' id='word_1_103' title='bbox 298 1734 453 1795; x_wconf 76' lang='grc' dir='ltr'>Ρὺμᾶς</span> <span class='ocrx_word' id='word_1_104' title='bbox 498 1735 670 1783; x_wconf 84' lang='grc' dir='ltr'>ἀδικῶν</span> <span class='ocrx_word' id='word_1_105' title='bbox 709 1737 901 1783; x_wconf 85' lang='grc' dir='ltr'>τοιαῦτα</span> <span class='ocrx_word' id='word_1_106' title='bbox 945 1732 1213 1792; x_wconf 86' lang='grc' dir='ltr'>πείσεσθαι,</span> <span class='ocrx_word' id='word_1_107' title='bbox 1253 1730 1384 1780; x_wconf 82' lang='grc' dir='ltr'>ἀλλὰ</span> <span class='ocrx_word' id='word_1_108' title='bbox 1430 1732 1504 1780; x_wconf 80' lang='grc' dir='ltr'>καὶ</span> <span class='ocrx_word' id='word_1_109' title='bbox 1548 1730 1713 1796; x_wconf 69' lang='grc' dir='ltr'>με’τρια</span> 
     </span>
     <span class='ocr_line' id='line_1_17' title="bbox 183 1813 1714 1884; baseline -0.001 -18"><span class='ocrx_word' id='word_1_110' title='bbox 183 1815 241 1866; x_wconf 79' lang='grc' dir='ltr'>ἂν</span> <span class='ocrx_word' id='word_1_111' title='bbox 267 1815 545 1884; x_wconf 75' lang='grc' dir='ltr'>ἐξαμαρτὼν</span> <span class='ocrx_word' id='word_1_112' title='bbox 571 1816 860 1881; x_wconf 86' lang='grc' dir='ltr'>συγγνώμης</span> <span class='ocrx_word' id='word_1_113' title='bbox 887 1814 1151 1883; x_wconf 75' lang='grc' dir='ltr'>τεύξεσθαι.</span> <span class='ocrx_word' id='word_1_114' title='bbox 1198 1813 1354 1877; x_wconf 82' lang='grc' dir='ltr'>ἐπειδὴ</span> <span class='ocrx_word' id='word_1_115' title='bbox 1382 1813 1431 1864; x_wconf 80' lang='grc' dir='ltr'>δὲ</span> <span class='ocrx_word' id='word_1_116' title='bbox 1458 1824 1474 1851; x_wconf 82' lang='lat'>‘¹</span> <span class='ocrx_word' id='word_1_117' title='bbox 1487 1816 1608 1865; x_wconf 83' lang='grc' dir='ltr'>οὕτω</span> <span class='ocrx_word' id='word_1_118' title='bbox 1635 1815 1714 1880; x_wconf 84' lang='grc' dir='ltr'>γε’-</span> 
     </span>
     <span class='ocr_line' id='line_1_18' title="bbox 182 1898 1741 1966; baseline -0.001 -16"><span class='ocrx_word' id='word_1_119' title='bbox 182 1922 334 1964; x_wconf 82' lang='grc' dir='ltr'>γονεν,</span> <span class='ocrx_word' id='word_1_120' title='bbox 362 1900 446 1953; x_wconf 80' lang='grc' dir='ltr'>ἕως</span> <span class='ocrx_word' id='word_1_121' title='bbox 480 1899 566 1964; x_wconf 77' lang='grc' dir='ltr'>μὲν</span> <span class='ocrx_word' id='word_1_122' title='bbox 600 1900 757 1966; x_wconf 83' lang='grc' dir='ltr'>ἑώρων</span> <span class='ocrx_word' id='word_1_123' title='bbox 794 1901 924 1962; x_wconf 83' lang='grc' dir='ltr'>ὑμᾶς,</span> <span class='ocrx_word' id='word_1_124' title='bbox 955 1899 1169 1960; x_wconf 82' lang='grc' dir='ltr'>οὐδεμιᾶς</span> <span class='ocrx_word' id='word_1_125' title='bbox 1199 1898 1479 1966; x_wconf 76' lang='grc' dir='ltr'>ἀποδείξεως</span> <span class='ocrx_word' id='word_1_126' title='bbox 1506 1902 1741 1966; x_wconf 85' lang='grc' dir='ltr'>φανερᾶς5</span> 
     </span>
     <span class='ocr_line' id='line_1_19' title="bbox 182 1980 1705 2052; baseline -0.001 -17"><span class='ocrx_word' id='word_1_127' title='bbox 182 1986 274 2036; x_wconf 81' lang='grc' dir='ltr'>οὐδ’</span> <span class='ocrx_word' id='word_1_128' title='bbox 303 1985 503 2052; x_wconf 75' lang='grc' dir='ltr'>ἐλέγχου</span> <span class='ocrx_word' id='word_1_129' title='bbox 535 1983 814 2050; x_wconf 77' lang='grc' dir='ltr'>γιγνομένου</span> <span class='ocrx_word' id='word_1_130' title='bbox 852 1982 981 2050; x_wconf 78' lang='grc' dir='ltr'>παρὰ</span> <span class='ocrx_word' id='word_1_131' title='bbox 1016 1985 1099 2046; x_wconf 83' lang='grc' dir='ltr'>τῆς</span> <span class='ocrx_word' id='word_1_132' title='bbox 1130 1985 1324 2045; x_wconf 80' lang='grc' dir='ltr'>βουλῆς,</span> <span class='ocrx_word' id='word_1_133' title='bbox 1350 1980 1468 2048; x_wconf 79' lang='grc' dir='ltr'>πρὸς</span> <span class='ocrx_word' id='word_1_134' title='bbox 1501 1981 1560 2032; x_wconf 78' lang='grc' dir='ltr'>τὰ</span> <span class='ocrx_word' id='word_1_135' title='bbox 1592 1982 1705 2033; x_wconf 82' lang='grc' dir='ltr'>ταύ-</span> 
     </span>
     <span class='ocr_line' id='line_1_20' title="bbox 181 2065 1711 2137; baseline -0.001 -17"><span class='ocrx_word' id='word_1_136' title='bbox 181 2093 264 2133; x_wconf 89' lang='grc' dir='ltr'>της</span> <span class='ocrx_word' id='word_1_137' title='bbox 299 2068 546 2136; x_wconf 84' lang='grc' dir='ltr'>ἀπόρρητα</span> <span class='ocrx_word' id='word_1_138' title='bbox 581 2067 1068 2137; x_wconf 74' lang='grc' dir='ltr'>καταψηφιζομένους,</span> <span class='ocrx_word' id='word_1_139' title='bbox 1096 2065 1317 2118; x_wconf 84' lang='grc' dir='ltr'>ἁπάντων</span> <span class='ocrx_word' id='word_1_140' title='bbox 1349 2065 1480 2117; x_wconf 78' lang='grc' dir='ltr'>οὐδὲν</span> <span class='ocrx_word' id='word_1_141' title='bbox 1511 2066 1711 2118; x_wconf 69' lang='grc' dir='ltr'>ε”λαττον</span> 
     </span>
     <span class='ocr_line' id='line_1_21' title="bbox 181 2150 1708 2221; baseline -0.001 -17"><span class='ocrx_word' id='word_1_142' title='bbox 181 2158 480 2221; x_wconf 84' lang='grc' dir='ltr'>παραχωρεῖν</span> <span class='ocrx_word' id='word_1_143' title='bbox 531 2155 648 2217; x_wconf 82' lang='grc' dir='ltr'>ὑμᾶς</span> <span class='ocrx_word' id='word_1_144' title='bbox 698 2154 952 2219; x_wconf 84' lang='grc' dir='ltr'>ἡγούμενος</span> <span class='ocrx_word' id='word_1_145' title='bbox 997 2150 1026 2215; x_wconf 79' lang='grc' dir='ltr'>ἢ</span> <span class='ocrx_word' id='word_1_146' title='bbox 1076 2150 1276 2215; x_wconf 80' lang='grc' dir='ltr'>ἐμαυτὸν</span> <span class='ocrx_word' id='word_1_147' title='bbox 1326 2153 1708 2218; x_wconf 80' lang='grc' dir='ltr'>ἀποστερεῖσθαι,</span> 
     </span>
     <span class='ocr_line' id='line_1_22' title="bbox 182 2234 1710 2305; baseline -0.001 -17"><span class='ocrx_word' id='word_1_148' title='bbox 182 2237 398 2305; x_wconf 80' lang='grc' dir='ltr'>στέργειν</span> <span class='ocrx_word' id='word_1_149' title='bbox 437 2237 665 2303; x_wconf 82' lang='grc' dir='ltr'>ἡγούμην·</span> <span class='ocrx_word' id='word_1_150' title='bbox 714 2237 768 2288; x_wconf 86' lang='grc' dir='ltr'>τὸ</span> <span class='ocrx_word' id='word_1_151' title='bbox 808 2237 900 2304; x_wconf 81' lang='grc' dir='ltr'>γὰρ</span> <span class='ocrx_word' id='word_1_152' title='bbox 940 2235 1006 2290; x_wconf 75' lang='grc' dir='ltr'>οἷς</span> <span class='ocrx_word' id='word_1_153' title='bbox 1046 2234 1104 2287; x_wconf 79' lang='grc' dir='ltr'>ἂν</span> <span class='ocrx_word' id='word_1_154' title='bbox 1140 2237 1167 2300; x_wconf 84' lang='grc' dir='ltr'>ἡ</span> <span class='ocrx_word' id='word_1_155' title='bbox 1206 2235 1361 2300; x_wconf 81' lang='grc' dir='ltr'>βουλὴ</span> <span class='ocrx_word' id='word_1_156' title='bbox 1398 2235 1566 2304; x_wconf 72' lang='grc' dir='ltr'>Γφήσῃ</span> <span class='ocrx_word' id='word_1_157' title='bbox 1603 2236 1710 2291; x_wconf 79' lang='grc' dir='ltr'>τοὺς</span> 
     </span>
     <span class='ocr_line' id='line_1_23' title="bbox 182 2321 1763 2388; baseline -0.001 -14"><span class='ocrx_word' id='word_1_158' title='bbox 182 2321 488 2387; x_wconf 87' lang='grc' dir='ltr'>ὀμωμοκότας</span> <span class='ocrx_word' id='word_1_159' title='bbox 534 2322 761 2377; x_wconf 80' lang='grc' dir='ltr'>δικαστὰς</span> <span class='ocrx_word' id='word_1_160' title='bbox 806 2323 1186 2388; x_wconf 67' lang='grc' dir='ltr'>ς’προστίθεσθαι</span> <span class='ocrx_word' id='word_1_161' title='bbox 1236 2325 1463 2386; x_wconf 81' lang='grc' dir='ltr'>μηδεμιᾶς</span> <span class='ocrx_word' id='word_1_162' title='bbox 1514 2323 1702 2373; x_wconf 82' lang='grc' dir='ltr'>ἀποδεί-</span> <span class='ocrx_word' id='word_1_163' title='bbox 1726 2347 1763 2367; x_wconf 87' lang='grc' dir='ltr'>ιο</span> 
     </span>
     <span class='ocr_line' id='line_1_24' title="bbox 149 2405 1707 2476; baseline 0.001 -20"><span class='ocrx_word' id='word_1_164' title='bbox 149 2407 301 2476; x_wconf 64' lang='grc' dir='ltr'>Ζξεως</span> <span class='ocrx_word' id='word_1_165' title='bbox 337 2407 573 2473; x_wconf 88' lang='grc' dir='ltr'>ῥηθείσης,</span> <span class='ocrx_word' id='word_1_166' title='bbox 610 2410 692 2470; x_wconf 85' lang='grc' dir='ltr'>τῆς</span> <span class='ocrx_word' id='word_1_167' title='bbox 730 2408 968 2460; x_wconf 85' lang='grc' dir='ltr'>πολιτείας</span> <span class='ocrx_word' id='word_1_168' title='bbox 1007 2411 1307 2474; x_wconf 89' lang='grc' dir='ltr'>παραχωρεῖν</span> <span class='ocrx_word' id='word_1_169' title='bbox 1345 2405 1414 2470; x_wconf 79' lang='grc' dir='ltr'>ἧν.</span> <span class='ocrx_word' id='word_1_170' title='bbox 1468 2406 1622 2470; x_wconf 86' lang='grc' dir='ltr'>ἐπειδὴ</span> <span class='ocrx_word' id='word_1_171' title='bbox 1659 2407 1707 2458; x_wconf 81' lang='grc' dir='ltr'>δὲ</span> 
     </span>
     <span class='ocr_line' id='line_1_25' title="bbox 183 2490 1708 2559; baseline 0 -17"><span class='ocrx_word' id='word_1_172' title='bbox 183 2496 340 2545; x_wconf 83' lang='grc' dir='ltr'>καλῶς</span> <span class='ocrx_word' id='word_1_173' title='bbox 374 2497 613 2545; x_wconf 86' lang='grc' dir='ltr'>ποιοῦντες</span> <span class='ocrx_word' id='word_1_174' title='bbox 639 2490 861 2559; x_wconf 85' lang='grc' dir='ltr'>ᾕσθησθε</span> <span class='ocrx_word' id='word_1_175' title='bbox 892 2491 977 2555; x_wconf 86' lang='grc' dir='ltr'>τὴν</span> <span class='ocrx_word' id='word_1_176' title='bbox 1004 2492 1282 2543; x_wconf 85' lang='grc' dir='ltr'>δυναστείαν</span> <span class='ocrx_word' id='word_1_177' title='bbox 1309 2491 1366 2555; x_wconf 82' lang='grc' dir='ltr'>ἥν</span> <span class='ocrx_word' id='word_1_178' title='bbox 1392 2514 1511 2545; x_wconf 81' lang='grc' dir='ltr'>τινες</span> <span class='ocrx_word' id='word_1_179' title='bbox 1537 2496 1631 2542; x_wconf 86' lang='grc' dir='ltr'>τῶν</span> <span class='ocrx_word' id='word_1_180' title='bbox 1659 2493 1708 2542; x_wconf 86' lang='grc' dir='ltr'>ἐν</span> 
     </span>
     <span class='ocr_line' id='line_1_26' title="bbox 181 2573 1700 2643; baseline 0 -18"><span class='ocrx_word' id='word_1_181' title='bbox 181 2579 239 2643; x_wconf 83' lang='grc' dir='ltr'>τῇ</span> <span class='ocrx_word' id='word_1_182' title='bbox 274 2579 429 2641; x_wconf 78' lang='grc' dir='ltr'>βουλῇ</span> <span class='ocrx_word' id='word_1_183' title='bbox 465 2574 858 2640; x_wconf 73' lang='grc' dir='ltr'>κατεσκευάζοντο</span> <span class='ocrx_word' id='word_1_184' title='bbox 897 2575 1088 2637; x_wconf 85' lang='grc' dir='ltr'>ἑαυτοῖς,</span> <span class='ocrx_word' id='word_1_185' title='bbox 1124 2576 1199 2624; x_wconf 84' lang='grc' dir='ltr'>καὶ</span> <span class='ocrx_word' id='word_1_186' title='bbox 1236 2573 1356 2640; x_wconf 84' lang='grc' dir='ltr'>πρὸς</span> <span class='ocrx_word' id='word_1_187' title='bbox 1393 2573 1477 2627; x_wconf 78' lang='grc' dir='ltr'>τὰς</span> <span class='ocrx_word' id='word_1_188' title='bbox 1513 2575 1700 2625; x_wconf 80' lang='grc' dir='ltr'>ἀποδεί-</span> 
     </span>
     <span class='ocr_line' id='line_1_27' title="bbox 182 2656 1757 2726; baseline -0.002 -18"><span class='ocrx_word' id='word_1_189' title='bbox 182 2658 276 2726; x_wconf 77' lang='grc' dir='ltr'>ξεις</span> <span class='ocrx_word' id='word_1_190' title='bbox 311 2657 418 2711; x_wconf 75' lang='grc' dir='ltr'>τοὺς</span> <span class='ocrx_word' id='word_1_191' title='bbox 454 2660 639 2724; x_wconf 81' lang='grc' dir='ltr'>ἀγῶνας</span> <span class='ocrx_word' id='word_1_192' title='bbox 677 2660 864 2724; x_wconf 88' lang='grc' dir='ltr'>κρίνετε,</span> <span class='ocrx_word' id='word_1_193' title='bbox 898 2657 956 2708; x_wconf 80' lang='grc' dir='ltr'>τὰ</span> <span class='ocrx_word' id='word_1_194' title='bbox 992 2660 1028 2708; x_wconf 90' lang='grc' dir='ltr'>δ’</span> <span class='ocrx_word' id='word_1_195' title='bbox 1062 2656 1308 2724; x_wconf 81' lang='grc' dir='ltr'>ἀπόρρητα</span> <span class='ocrx_word' id='word_1_196' title='bbox 1342 2658 1521 2708; x_wconf 83' lang='grc' dir='ltr'>τούτων</span> <span class='ocrx_word' id='word_1_197' title='bbox 1555 2660 1757 2715; x_wconf 59' lang='lat' dir='ltr'>{mre-15</span> 
     </span>
     <span class='ocr_line' id='line_1_28' title="bbox 180 2739 1699 2809; baseline 0 -17"><span class='ocrx_word' id='word_1_198' title='bbox 180 2741 369 2806; x_wconf 87' lang='grc' dir='ltr'>μήσεως</span> <span class='ocrx_word' id='word_1_199' title='bbox 404 2741 515 2809; x_wconf 76' lang='grc' dir='ltr'>ἄξια</span> <span class='ocrx_word' id='word_1_200' title='bbox 553 2741 788 2807; x_wconf 82' lang='grc' dir='ltr'>εὑρήκατε,</span> <span class='ocrx_word' id='word_1_201' title='bbox 821 2739 972 2805; x_wconf 55' lang='grc' dir='ltr'>ῖοῖμαι</span> <span class='ocrx_word' id='word_1_202' title='bbox 1008 2745 1114 2804; x_wconf 84' lang='grc' dir='ltr'>δεῖν,</span> <span class='ocrx_word' id='word_1_203' title='bbox 1147 2741 1226 2792; x_wconf 83' lang='grc' dir='ltr'>ἐὰν</span> <span class='ocrx_word' id='word_1_204' title='bbox 1266 2744 1341 2792; x_wconf 83' lang='grc' dir='ltr'>καὶ</span> <span class='ocrx_word' id='word_1_205' title='bbox 1382 2744 1487 2805; x_wconf 85' lang='grc' dir='ltr'>ὑμῖν</span> <span class='ocrx_word' id='word_1_206' title='bbox 1522 2748 1699 2803; x_wconf 80' lang='grc' dir='ltr'>βουλο-</span> 
     </span>
    </p>

    <p class='ocr_par' dir='ltr' id='par_1_7' title="bbox 237 2890 1704 2945">
     <span class='ocr_line' id='line_1_29' title="bbox 237 2890 1704 2945; baseline -0.001 -20"><span class='ocrx_word' id='word_1_207' title='bbox 237 2898 254 2915; x_wconf 73' lang='lat'>¹¹</span> <span class='ocrx_word' id='word_1_208' title='bbox 275 2893 319 2935; x_wconf 86' lang='grc' dir='ltr'>μὴ</span> <span class='ocrx_word' id='word_1_209' title='bbox 341 2892 398 2938; x_wconf 79' lang='grc' dir='ltr'>δὴ]</span> <span class='ocrx_word' id='word_1_210' title='bbox 424 2892 506 2935; x_wconf 77' lang='grc' dir='ltr'>μηδὲ</span> <span class='ocrx_word' id='word_1_211' title='bbox 527 2898 552 2945; x_wconf 66' lang='lat' dir='ltr'>,t-</span> <span class='ocrx_word' id='word_1_212' title='bbox 650 2896 667 2913; x_wconf 81' lang='lat'>0</span> <span class='ocrx_word' id='word_1_213' title='bbox 691 2891 731 2923; x_wconf 84' lang='lat' dir='ltr'>In</span> <span class='ocrx_word' id='word_1_214' title='bbox 754 2892 787 2924; x_wconf 77' lang='lat' dir='ltr'>S.</span> <span class='ocrx_word' id='word_1_215' title='bbox 811 2891 1046 2937; x_wconf 80' lang='lat' dir='ltr'><strong>subscriptum</strong></span> <span class='ocrx_word' id='word_1_216' title='bbox 1067 2891 1143 2935; x_wconf 80' lang='grc' dir='ltr'>περὶ</span> <span class='ocrx_word' id='word_1_217' title='bbox 1163 2890 1330 2935; x_wconf 72' lang='grc' dir='ltr'>ὁμονοίας.</span> <span class='ocrx_word' id='word_1_218' title='bbox 1364 2896 1389 2923; x_wconf 80' lang='lat' dir='ltr'>N</span> <span class='ocrx_word' id='word_1_219' title='bbox 1415 2890 1553 2934; x_wconf 68' lang='lat' dir='ltr'>(vitiose</span> <span class='ocrx_word' id='word_1_220' title='bbox 1573 2903 1635 2935; x_wconf 85' lang='lat' dir='ltr'>pro</span> <span class='ocrx_word' id='word_1_221' title='bbox 1658 2894 1704 2934; x_wconf 89' lang='lat' dir='ltr'>H)</span> 
     </span>
    </p>
   </div>
   <div class='ocr_carea' id='block_1_6' title="bbox 182 2943 1705 3045">
    <p class='ocr_par' dir='ltr' id='par_1_8' title="bbox 182 2943 1705 3045">
     <span class='ocr_line' id='line_1_30' title="bbox 182 2943 1705 2990; baseline 0.001 -12"><span class='ocrx_word' id='word_1_222' title='bbox 182 2951 319 2979; x_wconf 90' lang='grc' dir='ltr'>ΔΔΔΠ.</span> <span class='ocrx_word' id='word_1_223' title='bbox 425 2952 443 2978; x_wconf 73' lang='lat'>1‘</span> <span class='ocrx_word' id='word_1_224' title='bbox 469 2945 551 2988; x_wconf 75' lang='grc' dir='ltr'>ὑμᾶς</span> <span class='ocrx_word' id='word_1_225' title='bbox 572 2957 642 2979; x_wconf 85' lang='lat' dir='ltr'>om.</span> <span class='ocrx_word' id='word_1_226' title='bbox 665 2950 691 2978; x_wconf 88' lang='lat' dir='ltr'>t.</span> <span class='ocrx_word' id='word_1_227' title='bbox 798 2952 816 2980; x_wconf 84' lang='lat'>‘1</span> <span class='ocrx_word' id='word_1_228' title='bbox 838 2944 942 2990; x_wconf 80' lang='grc' dir='ltr'>οὕτω]</span> <span class='ocrx_word' id='word_1_229' title='bbox 966 2943 1072 2979; x_wconf 76' lang='grc' dir='ltr'>οὕτως</span> <span class='ocrx_word' id='word_1_230' title='bbox 1094 2945 1135 2978; x_wconf 83' lang='lat' dir='ltr'>B.</span> <span class='ocrx_word' id='word_1_231' title='bbox 1246 2950 1260 2967; x_wconf 64' lang='grc' dir='ltr'>ι’</span> <span class='ocrx_word' id='word_1_232' title='bbox 1280 2943 1378 2989; x_wconf 79' lang='grc' dir='ltr'>φήσῃ</span> <span class='ocrx_word' id='word_1_233' title='bbox 1400 2944 1444 2982; x_wconf 85' lang='lat' dir='ltr'>Q.</span> <span class='ocrx_word' id='word_1_234' title='bbox 1475 2945 1565 2989; x_wconf 86' lang='grc' dir='ltr'>φησι</span> <span class='ocrx_word' id='word_1_235' title='bbox 1585 2945 1705 2990; x_wconf 82' lang='lat' dir='ltr'><strong>vulgo.</strong></span> 
     </span>
     <span class='ocr_line' id='line_1_31' title="bbox 183 2995 1435 3045; baseline 0 -13"><span class='ocrx_word' id='word_1_236' title='bbox 183 3004 197 3023; x_wconf 76' lang='lat' dir='ltr'>S</span> <span class='ocrx_word' id='word_1_237' title='bbox 217 2998 486 3045; x_wconf 84' lang='grc' dir='ltr'>προστίθεσθαι]</span> <span class='ocrx_word' id='word_1_238' title='bbox 508 2995 731 3044; x_wconf 82' lang='grc' dir='ltr'>προτίθεσθαι</span> <span class='ocrx_word' id='word_1_239' title='bbox 753 3013 808 3043; x_wconf 89' lang='grc' dir='ltr'>γρ.</span> <span class='ocrx_word' id='word_1_240' title='bbox 828 2998 873 3037; x_wconf 89' lang='lat' dir='ltr'>Q.</span> <span class='ocrx_word' id='word_1_241' title='bbox 970 2997 984 3023; x_wconf 67' lang='grc' dir='ltr'><strong>ἵ</strong></span> <span class='ocrx_word' id='word_1_242' title='bbox 1004 2995 1096 3043; x_wconf 75' lang='grc' dir='ltr'>οἶμαι</span> <span class='ocrx_word' id='word_1_243' title='bbox 1120 2998 1154 3032; x_wconf 85' lang='lat' dir='ltr'>S.</span> <span class='ocrx_word' id='word_1_244' title='bbox 1185 2996 1297 3042; x_wconf 76' lang='grc' dir='ltr'>οἴομαι</span> <span class='ocrx_word' id='word_1_245' title='bbox 1319 2998 1435 3043; x_wconf 76' lang='lat' dir='ltr'>vulgo.</span> 
     </span>
    </p>
   </div>
  </div>
 </body>
</html>
