<?xml version="1.0" encoding="UTF-8"?>
<!DOCTYPE html PUBLIC "-//W3C//DTD XHTML 1.0 Transitional//EN"
    "http://www.w3.org/TR/xhtml1/DTD/xhtml1-transitional.dtd">
<html xmlns="http://www.w3.org/1999/xhtml" xml:lang="en" lang="en">
 <head>
  <title>
</title>
<meta http-equiv="Content-Type" content="text/html;charset=utf-8" />
  <meta name='ocr-system' content='tesseract 3.04.00' />
  <meta name='ocr-capabilities' content='ocr_page ocr_carea ocr_par ocr_line ocrx_word'/>
</head>
<body>
  <div class='ocr_page' id='page_1' title='image "./operaexrecension00demouoft/operaexrecension00demouoft_0071.png"; bbox 0 0 2009 3286; ppageno 0'>
   <div class='ocr_carea' id='block_1_1' title="bbox 65 220 1715 272">
    <p class='ocr_par' dir='ltr' id='par_1_1' title="bbox 65 220 1715 272">
     <span class='ocr_line' id='line_1_1' title="bbox 65 220 1715 272; baseline 0 -10"><span class='ocrx_word' id='word_1_1' title='bbox 65 235 145 262; x_wconf 88' lang='lat'>——1</span> <span class='ocrx_word' id='word_1_2' title='bbox 162 220 249 272; x_wconf 78' lang='lat'>181,</span> <span class='ocrx_word' id='word_1_3' title='bbox 267 238 319 263; x_wconf 77' lang='lat'>2⁵.</span> <span class='ocrx_word' id='word_1_4' title='bbox 635 225 779 263; x_wconf 89' lang='grc' dir='ltr'>ΚΑΤΑ</span> <span class='ocrx_word' id='word_1_5' title='bbox 811 225 1010 263; x_wconf 80' lang='grc' dir='ltr'><strong>ΟΛΎΜΠ</strong></span> <span class='ocrx_word' id='word_1_6' title='bbox 1019 226 1272 263; x_wconf 79' lang='grc' dir='ltr'><strong>[ΟΔΩΡΟΎ.</strong></span> <span class='ocrx_word' id='word_1_7' title='bbox 1605 223 1715 263; x_wconf 67' lang='grc'>1205</span> 
     </span>
    </p>
   </div>
   <div class='ocr_carea' id='block_1_2' title="bbox 119 334 1832 2595">
    <p class='ocr_par' dir='ltr' id='par_1_2' title="bbox 190 334 1766 570">
     <span class='ocr_line' id='line_1_2' title="bbox 192 334 1715 404; baseline 0.001 -19"><span class='ocrx_word' id='word_1_8' title='bbox 192 342 270 386; x_wconf 93' lang='grc' dir='ltr'>λιν</span> <span class='ocrx_word' id='word_1_9' title='bbox 314 334 638 399; x_wconf 81' lang='grc' dir='ltr'>σημήνασθαι,</span> <span class='ocrx_word' id='word_1_10' title='bbox 679 335 738 387; x_wconf 80' lang='grc' dir='ltr'>τὰ</span> <span class='ocrx_word' id='word_1_11' title='bbox 783 339 824 387; x_wconf 74' lang='grc' dir='ltr'>δ’</span> <span class='ocrx_word' id='word_1_12' title='bbox 865 337 1135 404; x_wconf 81' lang='grc' dir='ltr'>ἀντίγραφα</span> <span class='ocrx_word' id='word_1_13' title='bbox 1177 336 1475 399; x_wconf 72' lang='grc' dir='ltr'>ἐμβαλέσθαι</span> <span class='ocrx_word' id='word_1_14' title='bbox 1527 340 1586 389; x_wconf 79' lang='grc' dir='ltr'>εἷς</span> <span class='ocrx_word' id='word_1_15' title='bbox 1632 336 1715 386; x_wconf 83' lang='grc' dir='ltr'>τὸν</span> 
     </span>
     <span class='ocr_line' id='line_1_3' title="bbox 191 418 1766 488; baseline 0.002 -18"><span class='ocrx_word' id='word_1_16' title='bbox 191 421 355 486; x_wconf 81' lang='grc' dir='ltr'>ἐχῖνον,</span> <span class='ocrx_word' id='word_1_17' title='bbox 395 419 521 473; x_wconf 79' lang='grc' dir='ltr'>ὅπως</span> <span class='ocrx_word' id='word_1_18' title='bbox 559 418 615 470; x_wconf 81' lang='grc' dir='ltr'>ἂν</span> <span class='ocrx_word' id='word_1_19' title='bbox 659 421 860 484; x_wconf 85' lang='grc' dir='ltr'>μηδεμία</span> <span class='ocrx_word' id='word_1_20' title='bbox 904 421 1088 488; x_wconf 77' lang='grc' dir='ltr'>ὑποψία</span> <span class='ocrx_word' id='word_1_21' title='bbox 1127 419 1170 488; x_wconf 84' lang='grc' dir='ltr'>ᾗ,</span> <span class='ocrx_word' id='word_1_22' title='bbox 1210 421 1321 470; x_wconf 86' lang='grc' dir='ltr'>ἀλλ’</span> <span class='ocrx_word' id='word_1_23' title='bbox 1363 422 1490 483; x_wconf 85' lang='grc' dir='ltr'>ὑμεῖς</span> <span class='ocrx_word' id='word_1_24' title='bbox 1526 418 1713 470; x_wconf 81' lang='grc' dir='ltr'>ἅπαντα</span> <span class='ocrx_word' id='word_1_25' title='bbox 1730 443 1766 473; x_wconf 72' lang='lat'>25</span> 
     </span>
     <span class='ocr_line' id='line_1_4' title="bbox 190 503 1708 570; baseline 0 -15"><span class='ocrx_word' id='word_1_26' title='bbox 190 509 349 557; x_wconf 83' lang='grc' dir='ltr'>καλῶς</span> <span class='ocrx_word' id='word_1_27' title='bbox 387 506 463 555; x_wconf 78' lang='grc' dir='ltr'>καὶ</span> <span class='ocrx_word' id='word_1_28' title='bbox 501 505 687 558; x_wconf 79' lang='grc' dir='ltr'>δικαίως</span> <span class='ocrx_word' id='word_1_29' title='bbox 726 505 1013 558; x_wconf 82' lang='grc' dir='ltr'>ἀκούσαντες</span> <span class='ocrx_word' id='word_1_30' title='bbox 1047 509 1196 570; x_wconf 82' lang='grc' dir='ltr'>γνῶτε</span> <span class='ocrx_word' id='word_1_31' title='bbox 1236 504 1260 555; x_wconf 78' lang='grc' dir='ltr'><em>ὅ</em></span> <span class='ocrx_word' id='word_1_32' title='bbox 1299 528 1344 555; x_wconf 91' lang='grc' dir='ltr'>τι</span> <span class='ocrx_word' id='word_1_33' title='bbox 1378 503 1436 555; x_wconf 79' lang='grc' dir='ltr'>ἂν</span> <span class='ocrx_word' id='word_1_34' title='bbox 1475 506 1582 568; x_wconf 85' lang='grc' dir='ltr'>ὑμῖν</span> <span class='ocrx_word' id='word_1_35' title='bbox 1614 503 1708 555; x_wconf 84' lang='grc' dir='ltr'>1δι-</span> 
     </span>
    </p>

    <p class='ocr_par' dir='ltr' id='par_1_3' title="bbox 120 586 1832 1074">
     <span class='ocr_line' id='line_1_5' title="bbox 120 586 1715 656; baseline 0.001 -17"><span class='ocrx_word' id='word_1_36' title='bbox 120 604 174 648; x_wconf 88' lang='grc'>57</span> <span class='ocrx_word' id='word_1_37' title='bbox 192 587 439 641; x_wconf 84' lang='grc' dir='ltr'>καιότατον</span> <span class='ocrx_word' id='word_1_38' title='bbox 484 591 597 656; x_wconf 85' lang='grc' dir='ltr'>δοκῇ</span> <span class='ocrx_word' id='word_1_39' title='bbox 649 586 778 639; x_wconf 77' lang='grc' dir='ltr'>εἶναι.</span> <span class='ocrx_word' id='word_1_40' title='bbox 848 594 995 639; x_wconf 88' lang='grc' dir='ltr'>ταῦτα</span> <span class='ocrx_word' id='word_1_41' title='bbox 1038 590 1125 639; x_wconf 75' lang='grc' dir='ltr'>ῘΪΙδ’</span> <span class='ocrx_word' id='word_1_42' title='bbox 1168 591 1278 651; x_wconf 85' lang='grc' dir='ltr'>ἐμοῦ</span> <span class='ocrx_word' id='word_1_43' title='bbox 1329 588 1715 655; x_wconf 78' lang='grc' dir='ltr'>προκαλουμένου</span> 
     </span>
     <span class='ocr_line' id='line_1_6' title="bbox 189 671 1832 740; baseline 0.001 -18"><span class='ocrx_word' id='word_1_44' title='bbox 189 673 273 722; x_wconf 82' lang='grc' dir='ltr'>οὐκ</span> <span class='ocrx_word' id='word_1_45' title='bbox 299 671 507 736; x_wconf 76' lang='grc' dir='ltr'>ἠθέλησε</span> <span class='ocrx_word' id='word_1_46' title='bbox 539 672 716 723; x_wconf 85' lang='grc' dir='ltr'>τούτων</span> <span class='ocrx_word' id='word_1_47' title='bbox 743 672 874 723; x_wconf 77' lang='grc' dir='ltr'>οὐδὲν</span> <span class='ocrx_word' id='word_1_48' title='bbox 904 675 1115 735; x_wconf 82' lang='grc' dir='ltr'>ποιῆσαι,</span> <span class='ocrx_word' id='word_1_49' title='bbox 1143 674 1257 723; x_wconf 82' lang='grc' dir='ltr'>ἀλλ’</span> <span class='ocrx_word' id='word_1_50' title='bbox 1286 674 1407 724; x_wconf 79' lang='grc' dir='ltr'>οὕτω</span> <span class='ocrx_word' id='word_1_51' title='bbox 1440 672 1711 740; x_wconf 86' lang='grc' dir='ltr'>πεφιλοσό-</span> <span class='ocrx_word' id='word_1_52' title='bbox 1736 682 1832 718; x_wconf 62' lang='grc'>1181</span> 
     </span>
     <span class='ocr_line' id='line_1_7' title="bbox 190 753 1716 823; baseline 0.001 -18"><span class='ocrx_word' id='word_1_53' title='bbox 190 759 339 823; x_wconf 89' lang='grc' dir='ltr'>φηκεν</span> <span class='ocrx_word' id='word_1_54' title='bbox 369 754 494 806; x_wconf 76' lang='grc' dir='ltr'>ὥστε</span> <span class='ocrx_word' id='word_1_55' title='bbox 527 753 592 819; x_wconf 87' lang='grc' dir='ltr'>μὴ</span> <span class='ocrx_word' id='word_1_56' title='bbox 625 753 738 806; x_wconf 74' lang='grc' dir='ltr'>εἶναι</span> <span class='ocrx_word' id='word_1_57' title='bbox 776 757 891 817; x_wconf 79' lang='grc' dir='ltr'>ὑμᾶς</span> <span class='ocrx_word' id='word_1_58' title='bbox 918 758 1119 806; x_wconf 80' lang='grc' dir='ltr'>ἀκοῦσαι</span> <span class='ocrx_word' id='word_1_59' title='bbox 1150 761 1244 807; x_wconf 92' lang='grc' dir='ltr'>τῶν</span> <span class='ocrx_word' id='word_1_60' title='bbox 1271 760 1523 820; x_wconf 83' lang='grc' dir='ltr'>συνθηκῶν</span> <span class='ocrx_word' id='word_1_61' title='bbox 1548 759 1597 808; x_wconf 85' lang='grc' dir='ltr'>ἐκ</span> <span class='ocrx_word' id='word_1_62' title='bbox 1622 762 1716 808; x_wconf 90' lang='grc' dir='ltr'>τῶν</span> 
     </span>
     <span class='ocr_line' id='line_1_8' title="bbox 189 839 1710 907; baseline 0.003 -18"><span class='ocrx_word' id='word_1_63' title='bbox 189 844 356 890; x_wconf 83' lang='grc' dir='ltr'>κοινῶν</span> <span class='ocrx_word' id='word_1_64' title='bbox 390 839 698 906; x_wconf 78' lang='grc' dir='ltr'>γραμμάτων.</span> <span class='ocrx_word' id='word_1_65' title='bbox 757 842 832 890; x_wconf 76' lang='grc' dir='ltr'>καὶ</span> <span class='ocrx_word' id='word_1_66' title='bbox 872 840 942 891; x_wconf 79' lang='grc' dir='ltr'>ὅτι</span> <span class='ocrx_word' id='word_1_67' title='bbox 981 847 1128 892; x_wconf 83' lang='grc' dir='ltr'>ταῦτα</span> <span class='ocrx_word' id='word_1_68' title='bbox 1166 842 1534 907; x_wconf 81' lang='grc' dir='ltr'>προύκαλούμην</span> <span class='ocrx_word' id='word_1_69' title='bbox 1568 848 1710 893; x_wconf 47' lang='grc' dir='ltr'>ιΙτοῦ-</span> 
     </span>
     <span class='ocr_line' id='line_1_9' title="bbox 189 922 1711 991; baseline 0.002 -17"><span class='ocrx_word' id='word_1_70' title='bbox 189 946 284 987; x_wconf 89' lang='grc' dir='ltr'>τον,</span> <span class='ocrx_word' id='word_1_71' title='bbox 309 924 570 990; x_wconf 86' lang='grc' dir='ltr'>μαρτυρίαν</span> <span class='ocrx_word' id='word_1_72' title='bbox 602 925 709 987; x_wconf 83' lang='grc' dir='ltr'>ὑμῖν</span> <span class='ocrx_word' id='word_1_73' title='bbox 735 925 1062 989; x_wconf 77' lang='grc' dir='ltr'>ἀναγνώσεται</span> <span class='ocrx_word' id='word_1_74' title='bbox 1089 922 1154 976; x_wconf 81' lang='grc' dir='ltr'>ῶν</span> <span class='ocrx_word' id='word_1_75' title='bbox 1179 926 1387 976; x_wconf 87' lang='grc' dir='ltr'>ἐναντιόν</span> <span class='ocrx_word' id='word_1_76' title='bbox 1413 927 1711 991; x_wconf 81' lang='grc' dir='ltr'>προύκαλού-</span> 
     </span>
     <span class='ocr_line' id='line_1_10' title="bbox 188 1007 1743 1074; baseline 0.001 -16"><span class='ocrx_word' id='word_1_77' title='bbox 188 1030 296 1071; x_wconf 88' lang='grc' dir='ltr'>μην.</span> <span class='ocrx_word' id='word_1_78' title='bbox 348 1008 456 1073; x_wconf 84' lang='grc' dir='ltr'>λέγε</span> <span class='ocrx_word' id='word_1_79' title='bbox 483 1007 569 1072; x_wconf 84' lang='grc' dir='ltr'>τὴν</span> <span class='ocrx_word' id='word_1_80' title='bbox 595 1009 866 1074; x_wconf 88' lang='grc' dir='ltr'>μαρτυρίαν.</span> <span class='ocrx_word' id='word_1_81' title='bbox 1728 1030 1743 1059; x_wconf 84' lang='lat'>5</span> 
     </span>
    </p>

    <p class='ocr_par' dir='ltr' id='par_1_4' title="bbox 803 1110 1110 1151">
     <span class='ocr_line' id='line_1_11' title="bbox 803 1110 1110 1151; baseline 0.007 -2"><span class='ocrx_word' id='word_1_82' title='bbox 803 1110 849 1150; x_wconf 86' lang='grc' dir='ltr'><strong>Μ</strong></span> <span class='ocrx_word' id='word_1_83' title='bbox 854 1112 889 1150; x_wconf 76' lang='lat' dir='ltr'>A</span> <span class='ocrx_word' id='word_1_84' title='bbox 895 1110 1035 1151; x_wconf 80' lang='grc' dir='ltr'>ΡΤΎΡ</span> <span class='ocrx_word' id='word_1_85' title='bbox 1039 1111 1055 1149; x_wconf 86' lang='grc' dir='ltr'>Ι</span> <span class='ocrx_word' id='word_1_86' title='bbox 1059 1112 1094 1150; x_wconf 77' lang='lat' dir='ltr'><strong>A</strong></span> <span class='ocrx_word' id='word_1_87' title='bbox 1103 1144 1110 1151; x_wconf 93' lang='lat'><strong>.</strong></span> 
     </span>
    </p>

    <p class='ocr_par' dir='ltr' id='par_1_5' title="bbox 120 1179 1770 1669">
     <span class='ocr_line' id='line_1_12' title="bbox 120 1179 1717 1250; baseline 0.002 -20"><span class='ocrx_word' id='word_1_88' title='bbox 120 1184 175 1237; x_wconf 82' lang='lat'>58</span> <span class='ocrx_word' id='word_1_89' title='bbox 267 1183 381 1234; x_wconf 89' lang='grc' dir='ltr'>Πῶς</span> <span class='ocrx_word' id='word_1_90' title='bbox 408 1179 494 1231; x_wconf 73' lang='grc' dir='ltr'>Οᾶν</span> <span class='ocrx_word' id='word_1_91' title='bbox 520 1182 602 1231; x_wconf 75' lang='grc' dir='ltr'>οὖν</span> <span class='ocrx_word' id='word_1_92' title='bbox 633 1186 824 1245; x_wconf 81' lang='grc' dir='ltr'>μᾶλλον</span> <span class='ocrx_word' id='word_1_93' title='bbox 850 1181 1124 1250; x_wconf 82' lang='grc' dir='ltr'>καταφανὴς</span> <span class='ocrx_word' id='word_1_94' title='bbox 1151 1184 1331 1248; x_wconf 85' lang='grc' dir='ltr'>γένοιτο</span> <span class='ocrx_word' id='word_1_95' title='bbox 1357 1181 1618 1248; x_wconf 80' lang='grc' dir='ltr'>ἅνθρωπος,</span> <span class='ocrx_word' id='word_1_96' title='bbox 1646 1183 1717 1233; x_wconf 79' lang='grc' dir='ltr'>ὅτι</span> 
     </span>
     <span class='ocr_line' id='line_1_13' title="bbox 188 1265 1710 1333; baseline 0.002 -18"><span class='ocrx_word' id='word_1_97' title='bbox 188 1266 374 1319; x_wconf 88' lang='grc' dir='ltr'>δικαίως</span> <span class='ocrx_word' id='word_1_98' title='bbox 413 1265 498 1328; x_wconf 76' lang='grc' dir='ltr'>μὲν</span> <span class='ocrx_word' id='word_1_99' title='bbox 537 1266 667 1317; x_wconf 76' lang='grc' dir='ltr'>οὐδὲν</span> <span class='ocrx_word' id='word_1_100' title='bbox 710 1268 933 1327; x_wconf 85' lang='grc' dir='ltr'>βούλεται</span> <span class='ocrx_word' id='word_1_101' title='bbox 973 1265 1090 1333; x_wconf 82' lang='grc' dir='ltr'>πρός</span> <span class='ocrx_word' id='word_1_102' title='bbox 1130 1289 1186 1331; x_wconf 89' lang='grc' dir='ltr'>με</span> <span class='ocrx_word' id='word_1_103' title='bbox 1226 1267 1460 1332; x_wconf 79' lang='grc' dir='ltr'>πράττειν,</span> <span class='ocrx_word' id='word_1_104' title='bbox 1503 1270 1710 1318; x_wconf 83' lang='grc' dir='ltr'>ἀποστε-</span> 
     </span>
     <span class='ocr_line' id='line_1_14' title="bbox 186 1347 1716 1419; baseline 0.003 -21"><span class='ocrx_word' id='word_1_105' title='bbox 186 1347 352 1414; x_wconf 90' lang='grc' dir='ltr'>ρήσειν</span> <span class='ocrx_word' id='word_1_106' title='bbox 403 1351 444 1398; x_wconf 75' lang='grc' dir='ltr'>δ’</span> <span class='ocrx_word' id='word_1_107' title='bbox 497 1350 638 1400; x_wconf 78' lang='grc' dir='ltr'>οἴεται</span> <span class='ocrx_word' id='word_1_108' title='bbox 689 1348 720 1400; x_wconf 79' lang='grc' dir='ltr'>ἃ</span> <span class='ocrx_word' id='word_1_109' title='bbox 768 1349 1001 1415; x_wconf 88' lang='grc' dir='ltr'>προσήκει</span> <span class='ocrx_word' id='word_1_110' title='bbox 1058 1352 1157 1413; x_wconf 74' lang='grc' dir='ltr'>ἐμοὶ</span> <span class='ocrx_word' id='word_1_111' title='bbox 1215 1355 1395 1413; x_wconf 78' lang='grc' dir='ltr'>λαβεῖν,</span> <span class='ocrx_word' id='word_1_112' title='bbox 1446 1349 1716 1419; x_wconf 79' lang='grc' dir='ltr'>προφάσεις</span> 
     </span>
     <span class='ocr_line' id='line_1_15' title="bbox 186 1432 1770 1500; baseline 0.003 -17"><span class='ocrx_word' id='word_1_113' title='bbox 186 1432 343 1498; x_wconf 82' lang='grc' dir='ltr'>λέγων</span> <span class='ocrx_word' id='word_1_114' title='bbox 389 1435 463 1484; x_wconf 77' lang='grc' dir='ltr'>καὶ</span> <span class='ocrx_word' id='word_1_115' title='bbox 507 1434 784 1500; x_wconf 86' lang='grc' dir='ltr'>ἐγκλήματα</span> <span class='ocrx_word' id='word_1_116' title='bbox 828 1435 1058 1499; x_wconf 87' lang='grc' dir='ltr'>ἐγκαλῶν,</span> <span class='ocrx_word' id='word_1_117' title='bbox 1104 1433 1189 1488; x_wconf 81' lang='grc' dir='ltr'>τὰς</span> <span class='ocrx_word' id='word_1_118' title='bbox 1235 1434 1283 1485; x_wconf 78' lang='grc' dir='ltr'>δὲ</span> <span class='ocrx_word' id='word_1_119' title='bbox 1328 1434 1582 1499; x_wconf 88' lang='grc' dir='ltr'>συνθήκας,</span> <span class='ocrx_word' id='word_1_120' title='bbox 1626 1435 1770 1488; x_wconf 70' lang='grc' dir='ltr'>Ρᾶςιο</span> 
     </span>
     <span class='ocr_line' id='line_1_16' title="bbox 189 1517 1712 1587; baseline 0 -19"><span class='ocrx_word' id='word_1_121' title='bbox 189 1518 317 1585; x_wconf 88' lang='grc' dir='ltr'>φησί</span> <span class='ocrx_word' id='word_1_122' title='bbox 357 1540 415 1581; x_wconf 91' lang='grc' dir='ltr'>με</span> <span class='ocrx_word' id='word_1_123' title='bbox 459 1518 853 1585; x_wconf 78' lang='grc' dir='ltr'>παραβεβηκέναι,</span> <span class='ocrx_word' id='word_1_124' title='bbox 893 1519 976 1568; x_wconf 80' lang='grc' dir='ltr'>οὐκ</span> <span class='ocrx_word' id='word_1_125' title='bbox 1015 1517 1144 1587; x_wconf 75' lang='grc' dir='ltr'>ᾠήθη</span> <span class='ocrx_word' id='word_1_126' title='bbox 1183 1520 1279 1568; x_wconf 85' lang='grc' dir='ltr'>δεῖν</span> <span class='ocrx_word' id='word_1_127' title='bbox 1319 1519 1437 1582; x_wconf 83' lang='grc' dir='ltr'>ὑμᾶς</span> <span class='ocrx_word' id='word_1_128' title='bbox 1476 1520 1712 1579; x_wconf 81' lang='grc' dir='ltr'>ἀκοῦσαι;</span> 
     </span>
     <span class='ocr_line' id='line_1_17' title="bbox 188 1600 1714 1669; baseline 0.001 -17"><span class='ocrx_word' id='word_1_129' title='bbox 188 1600 280 1667; x_wconf 82' lang='grc' dir='ltr'>ἐγὼ</span> <span class='ocrx_word' id='word_1_130' title='bbox 308 1600 355 1652; x_wconf 76' lang='grc' dir='ltr'>δὲ</span> <span class='ocrx_word' id='word_1_131' title='bbox 382 1601 486 1653; x_wconf 89' lang='grc' dir='ltr'>τότε</span> <span class='ocrx_word' id='word_1_132' title='bbox 512 1604 596 1667; x_wconf 82' lang='grc' dir='ltr'>μὲν</span> <span class='ocrx_word' id='word_1_133' title='bbox 621 1604 830 1654; x_wconf 84' lang='grc' dir='ltr'>ἐναντίον</span> <span class='ocrx_word' id='word_1_134' title='bbox 860 1607 954 1653; x_wconf 89' lang='grc' dir='ltr'>τῶν</span> <span class='ocrx_word' id='word_1_135' title='bbox 986 1601 1238 1669; x_wconf 80' lang='grc' dir='ltr'>μαρτύρων</span> <span class='ocrx_word' id='word_1_136' title='bbox 1265 1607 1359 1653; x_wconf 88' lang='grc' dir='ltr'>τῶν</span> <span class='ocrx_word' id='word_1_137' title='bbox 1387 1603 1714 1669; x_wconf 83' lang='grc' dir='ltr'>παραγενομέ-</span> 
     </span>
    </p>

    <p class='ocr_par' dir='ltr' id='par_1_6' title="bbox 119 1686 1768 2089">
     <span class='ocr_line' id='line_1_18' title="bbox 119 1686 1714 1753; baseline 0.001 -17"><span class='ocrx_word' id='word_1_138' title='bbox 119 1709 176 1752; x_wconf 85' lang='lat'>59</span> <span class='ocrx_word' id='word_1_139' title='bbox 191 1709 283 1736; x_wconf 92' lang='grc' dir='ltr'>νων</span> <span class='ocrx_word' id='word_1_140' title='bbox 309 1686 726 1753; x_wconf 76' lang='grc' dir='ltr'>προύκαλεσάμην,</span> <span class='ocrx_word' id='word_1_141' title='bbox 755 1689 853 1738; x_wconf 78' lang='grc' dir='ltr'>νυνὶ</span> <span class='ocrx_word' id='word_1_142' title='bbox 881 1686 929 1737; x_wconf 82' lang='grc' dir='ltr'>δὲ</span> <span class='ocrx_word' id='word_1_143' title='bbox 955 1688 1030 1737; x_wconf 74' lang='grc' dir='ltr'>καὶ</span> <span class='ocrx_word' id='word_1_144' title='bbox 1065 1688 1193 1750; x_wconf 86' lang='grc' dir='ltr'>ὑμῶν</span> <span class='ocrx_word' id='word_1_145' title='bbox 1226 1688 1435 1737; x_wconf 85' lang='grc' dir='ltr'>ἐναντίον</span> <span class='ocrx_word' id='word_1_146' title='bbox 1460 1691 1555 1738; x_wconf 91' lang='grc' dir='ltr'>τῶν</span> <span class='ocrx_word' id='word_1_147' title='bbox 1581 1691 1714 1739; x_wconf 90' lang='grc' dir='ltr'>δικα-</span> 
     </span>
     <span class='ocr_line' id='line_1_19' title="bbox 188 1770 1716 1839; baseline 0.001 -18"><span class='ocrx_word' id='word_1_148' title='bbox 188 1774 320 1822; x_wconf 89' lang='grc' dir='ltr'>στῶν</span> <span class='ocrx_word' id='word_1_149' title='bbox 355 1771 502 1822; x_wconf 83' lang='grc' dir='ltr'>πάλιν</span> <span class='ocrx_word' id='word_1_150' title='bbox 537 1777 881 1837; x_wconf 83' lang='grc' dir='ltr'>προκαλοῦμαι,</span> <span class='ocrx_word' id='word_1_151' title='bbox 909 1773 984 1822; x_wconf 83' lang='grc' dir='ltr'>καὶ</span> <span class='ocrx_word' id='word_1_152' title='bbox 1016 1771 1134 1839; x_wconf 76' lang='grc' dir='ltr'>ἀξιῶ</span> <span class='ocrx_word' id='word_1_153' title='bbox 1168 1776 1435 1839; x_wconf 82' lang='grc' dir='ltr'>συγχωρεῖν</span> <span class='ocrx_word' id='word_1_154' title='bbox 1467 1770 1608 1822; x_wconf 80' lang='grc' dir='ltr'>αὑτὸν</span> <span class='ocrx_word' id='word_1_155' title='bbox 1640 1774 1716 1822; x_wconf 79' lang='grc' dir='ltr'>καὶ</span> 
     </span>
     <span class='ocr_line' id='line_1_20' title="bbox 188 1854 1768 1923; baseline 0.001 -18"><span class='ocrx_word' id='word_1_156' title='bbox 188 1854 281 1920; x_wconf 80' lang='grc' dir='ltr'>ἐγὼ</span> <span class='ocrx_word' id='word_1_157' title='bbox 306 1860 545 1923; x_wconf 87' lang='grc' dir='ltr'>συγχωρῶ</span> <span class='ocrx_word' id='word_1_158' title='bbox 572 1858 845 1923; x_wconf 82' lang='grc' dir='ltr'>ἀνοιχθῆναι</span> <span class='ocrx_word' id='word_1_159' title='bbox 879 1855 963 1909; x_wconf 78' lang='grc' dir='ltr'>τὰς</span> <span class='ocrx_word' id='word_1_160' title='bbox 998 1854 1238 1919; x_wconf 86' lang='grc' dir='ltr'>συνθήκας</span> <span class='ocrx_word' id='word_1_161' title='bbox 1270 1857 1490 1907; x_wconf 57' lang='grc' dir='ltr'>(Ιένταυθὶ</span> <span class='ocrx_word' id='word_1_162' title='bbox 1526 1857 1599 1907; x_wconf 83' lang='grc' dir='ltr'>ἐπὶ</span> <span class='ocrx_word' id='word_1_163' title='bbox 1634 1862 1716 1907; x_wconf 75' lang='grc' dir='ltr'>τοῦ</span> <span class='ocrx_word' id='word_1_164' title='bbox 1735 1882 1768 1911; x_wconf 71' lang='lat'>¹5</span> 
     </span>
     <span class='ocr_line' id='line_1_21' title="bbox 188 1939 1715 2004; baseline 0.001 -16"><span class='ocrx_word' id='word_1_165' title='bbox 188 1939 506 2004; x_wconf 88' lang='grc' dir='ltr'>δικαστηρίου,</span> <span class='ocrx_word' id='word_1_166' title='bbox 547 1941 622 1989; x_wconf 76' lang='grc' dir='ltr'>καὶ</span> <span class='ocrx_word' id='word_1_167' title='bbox 664 1940 866 1989; x_wconf 80' lang='grc' dir='ltr'>ἀκοῦσαι</span> <span class='ocrx_word' id='word_1_168' title='bbox 912 1940 1042 2002; x_wconf 80' lang='grc' dir='ltr'>ὑμᾶς,</span> <span class='ocrx_word' id='word_1_169' title='bbox 1083 1941 1158 1989; x_wconf 77' lang='grc' dir='ltr'>καὶ</span> <span class='ocrx_word' id='word_1_170' title='bbox 1201 1939 1349 1990; x_wconf 83' lang='grc' dir='ltr'>πάλιν</span> <span class='ocrx_word' id='word_1_171' title='bbox 1389 1943 1715 2003; x_wconf 81' lang='grc' dir='ltr'>Γσημανθῆναι</span> 
     </span>
     <span class='ocr_line' id='line_1_22' title="bbox 187 2023 1717 2089; baseline 0.001 -17"><span class='ocrx_word' id='word_1_172' title='bbox 187 2023 395 2073; x_wconf 85' lang='grc' dir='ltr'>ἐναντίον</span> <span class='ocrx_word' id='word_1_173' title='bbox 441 2025 582 2086; x_wconf 86' lang='grc' dir='ltr'>ὑμῶν.</span> <span class='ocrx_word' id='word_1_174' title='bbox 650 2024 1011 2089; x_wconf 83' lang='grc' dir='ltr'>Ἀνδροκλείδης</span> <span class='ocrx_word' id='word_1_175' title='bbox 1050 2023 1088 2073; x_wconf 85' lang='grc' dir='ltr'>δ’</span> <span class='ocrx_word' id='word_1_176' title='bbox 1131 2024 1295 2073; x_wconf 81' lang='grc' dir='ltr'>οὑτοσὶ</span> <span class='ocrx_word' id='word_1_177' title='bbox 1333 2023 1576 2089; x_wconf 84' lang='grc' dir='ltr'>πάρεστιν·</span> <span class='ocrx_word' id='word_1_178' title='bbox 1626 2024 1717 2088; x_wconf 82' lang='grc' dir='ltr'>ε’γώ</span> 
     </span>
    </p>

    <p class='ocr_par' dir='ltr' id='par_1_7' title="bbox 119 2105 1769 2509">
     <span class='ocr_line' id='line_1_23' title="bbox 119 2105 1715 2175; baseline 0.002 -20"><span class='ocrx_word' id='word_1_179' title='bbox 119 2122 174 2161; x_wconf 91' lang='lat'>60</span> <span class='ocrx_word' id='word_1_180' title='bbox 187 2105 282 2172; x_wconf 81' lang='grc' dir='ltr'>γὰρ</span> <span class='ocrx_word' id='word_1_181' title='bbox 322 2108 447 2175; x_wconf 74' lang='grc' dir='ltr'>αὐτῷ</span> <span class='ocrx_word' id='word_1_182' title='bbox 485 2107 777 2172; x_wconf 51' lang='grc' dir='ltr'>Ξέπήγγειλα</span> <span class='ocrx_word' id='word_1_183' title='bbox 821 2107 947 2170; x_wconf 82' lang='grc' dir='ltr'>ἥκειν</span> <span class='ocrx_word' id='word_1_184' title='bbox 990 2106 1145 2173; x_wconf 71' lang='grc' dir='ltr'>ἔχοντι</span> <span class='ocrx_word' id='word_1_185' title='bbox 1191 2106 1274 2160; x_wconf 78' lang='grc' dir='ltr'>τὰς</span> <span class='ocrx_word' id='word_1_186' title='bbox 1319 2106 1573 2171; x_wconf 80' lang='grc' dir='ltr'>συνθήκας.</span> <span class='ocrx_word' id='word_1_187' title='bbox 1639 2111 1715 2158; x_wconf 80' lang='grc' dir='ltr'>καὶ</span> 
     </span>
     <span class='ocr_line' id='line_1_24' title="bbox 186 2189 1769 2261; baseline 0.001 -22"><span class='ocrx_word' id='word_1_188' title='bbox 186 2195 439 2258; x_wconf 85' lang='grc' dir='ltr'>συγχωρῶ,</span> <span class='ocrx_word' id='word_1_189' title='bbox 472 2189 509 2241; x_wconf 76' lang='grc' dir='ltr'><em>ὦ</em></span> <span class='ocrx_word' id='word_1_190' title='bbox 547 2191 711 2258; x_wconf 77' lang='grc' dir='ltr'>ἄνδρες</span> <span class='ocrx_word' id='word_1_191' title='bbox 747 2194 979 2253; x_wconf 82' lang='grc' dir='ltr'>δικασταὶ,</span> <span class='ocrx_word' id='word_1_192' title='bbox 1014 2192 1062 2241; x_wconf 87' lang='grc' dir='ltr'>ἐν</span> <span class='ocrx_word' id='word_1_193' title='bbox 1097 2193 1192 2260; x_wconf 64' lang='grc' dir='ltr'>ῐτῷ</span> <span class='ocrx_word' id='word_1_194' title='bbox 1229 2190 1398 2242; x_wconf 79' lang='grc' dir='ltr'>τούτου</span> <span class='ocrx_word' id='word_1_195' title='bbox 1433 2191 1568 2261; x_wconf 74' lang='grc' dir='ltr'>λόγῳ</span> <span class='ocrx_word' id='word_1_196' title='bbox 1602 2190 1630 2255; x_wconf 79' lang='grc' dir='ltr'>ἦ</span> <span class='ocrx_word' id='word_1_197' title='bbox 1668 2195 1769 2242; x_wconf 62' lang='grc' dir='ltr'>ἐνεο</span> 
     </span>
     <span class='ocr_line' id='line_1_25' title="bbox 185 2273 1716 2344; baseline 0.001 -20"><span class='ocrx_word' id='word_1_198' title='bbox 185 2278 252 2342; x_wconf 74' lang='grc' dir='ltr'>τῷ</span> <span class='ocrx_word' id='word_1_199' title='bbox 288 2275 503 2344; x_wconf 76' lang='grc' dir='ltr'>προτέρῳ</span> <span class='ocrx_word' id='word_1_200' title='bbox 538 2273 566 2338; x_wconf 77' lang='grc' dir='ltr'>ἦ</span> <span class='ocrx_word' id='word_1_201' title='bbox 604 2277 653 2325; x_wconf 86' lang='grc' dir='ltr'>ἐν</span> <span class='ocrx_word' id='word_1_202' title='bbox 691 2278 757 2344; x_wconf 72' lang='grc' dir='ltr'>τῷ</span> <span class='ocrx_word' id='word_1_203' title='bbox 796 2275 978 2344; x_wconf 77' lang='grc' dir='ltr'>ὑστέρῳ</span> <span class='ocrx_word' id='word_1_204' title='bbox 1013 2277 1302 2342; x_wconf 79' lang='grc' dir='ltr'>ἀνοιχθῆναι·</span> <span class='ocrx_word' id='word_1_205' title='bbox 1346 2274 1479 2326; x_wconf 80' lang='grc' dir='ltr'>οὐδὲν</span> <span class='ocrx_word' id='word_1_206' title='bbox 1511 2275 1604 2342; x_wconf 79' lang='grc' dir='ltr'>γάρ</span> <span class='ocrx_word' id='word_1_207' title='bbox 1637 2299 1716 2338; x_wconf 91' lang='grc' dir='ltr'>μοι</span> 
     </span>
     <span class='ocr_line' id='line_1_26' title="bbox 187 2358 1715 2425; baseline 0.001 -17"><span class='ocrx_word' id='word_1_208' title='bbox 187 2359 408 2425; x_wconf 78' lang='grc' dir='ltr'>διαφέρει.</span> <span class='ocrx_word' id='word_1_209' title='bbox 474 2361 591 2422; x_wconf 82' lang='grc' dir='ltr'>ὑμᾶς</span> <span class='ocrx_word' id='word_1_210' title='bbox 630 2358 678 2410; x_wconf 75' lang='grc' dir='ltr'>δὲ</span> <span class='ocrx_word' id='word_1_211' title='bbox 716 2360 954 2422; x_wconf 83' lang='grc' dir='ltr'>βούλομαι</span> <span class='ocrx_word' id='word_1_212' title='bbox 993 2361 1194 2410; x_wconf 81' lang='grc' dir='ltr'>ἀκοῦσαι</span> <span class='ocrx_word' id='word_1_213' title='bbox 1239 2359 1322 2414; x_wconf 78' lang='grc' dir='ltr'>τὰς</span> <span class='ocrx_word' id='word_1_214' title='bbox 1361 2358 1603 2423; x_wconf 81' lang='grc' dir='ltr'>συνθήκας</span> <span class='ocrx_word' id='word_1_215' title='bbox 1641 2361 1715 2409; x_wconf 76' lang='grc' dir='ltr'>καὶ</span> 
     </span>
     <span class='ocr_line' id='line_1_27' title="bbox 185 2441 1710 2509; baseline 0.001 -16"><span class='ocrx_word' id='word_1_216' title='bbox 185 2441 293 2496; x_wconf 79' lang='grc' dir='ltr'>τοὺς</span> <span class='ocrx_word' id='word_1_217' title='bbox 325 2442 502 2509; x_wconf 79' lang='grc' dir='ltr'>ὅρκους,</span> <span class='ocrx_word' id='word_1_218' title='bbox 531 2443 609 2496; x_wconf 75' lang='grc' dir='ltr'>οὓς</span> <span class='ocrx_word' id='word_1_219' title='bbox 641 2442 897 2507; x_wconf 85' lang='grc' dir='ltr'>ὠμόσαμεν</span> <span class='ocrx_word' id='word_1_220' title='bbox 932 2443 1168 2508; x_wconf 83' lang='grc' dir='ltr'>ἀλλήλοις</span> <span class='ocrx_word' id='word_1_221' title='bbox 1204 2443 1297 2509; x_wconf 80' lang='grc' dir='ltr'>ε’γῶ</span> <span class='ocrx_word' id='word_1_222' title='bbox 1333 2447 1408 2495; x_wconf 80' lang='grc' dir='ltr'>καὶ</span> <span class='ocrx_word' id='word_1_223' title='bbox 1442 2444 1710 2507; x_wconf 85' lang='grc' dir='ltr'>Ὀλυμπιό-</span> 
     </span>
    </p>

    <p class='ocr_par' dir='ltr' id='par_1_8' title="bbox 120 2526 1716 2595">
     <span class='ocr_line' id='line_1_28' title="bbox 120 2526 1716 2595; baseline 0.002 -21"><span class='ocrx_word' id='word_1_224' title='bbox 120 2535 168 2574; x_wconf 90' lang='lat'>61</span> <span class='ocrx_word' id='word_1_225' title='bbox 187 2529 334 2592; x_wconf 89' lang='grc' dir='ltr'>δωρος</span> <span class='ocrx_word' id='word_1_226' title='bbox 380 2528 556 2578; x_wconf 85' lang='grc' dir='ltr'>οὑτοσί.</span> <span class='ocrx_word' id='word_1_227' title='bbox 625 2529 699 2578; x_wconf 76' lang='grc' dir='ltr'>καὶ</span> <span class='ocrx_word' id='word_1_228' title='bbox 747 2531 784 2577; x_wconf 81' lang='grc' dir='ltr'>εἰ</span> <span class='ocrx_word' id='word_1_229' title='bbox 831 2526 917 2591; x_wconf 75' lang='grc' dir='ltr'>μὲν</span> <span class='ocrx_word' id='word_1_230' title='bbox 962 2533 1215 2595; x_wconf 85' lang='grc' dir='ltr'>συγχωρεῖ,</span> <span class='ocrx_word' id='word_1_231' title='bbox 1261 2528 1386 2579; x_wconf 74' lang='grc' dir='ltr'>ε”στω</span> <span class='ocrx_word' id='word_1_232' title='bbox 1433 2534 1594 2590; x_wconf 79' lang='grc' dir='ltr'>ταῦτα,</span> <span class='ocrx_word' id='word_1_233' title='bbox 1641 2531 1716 2578; x_wconf 77' lang='grc' dir='ltr'>καὶ</span> 
     </span>
    </p>
   </div>
   <div class='ocr_carea' id='block_1_3' title="bbox 187 2610 1767 2681">
    <p class='ocr_par' dir='ltr' id='par_1_9' title="bbox 187 2610 1767 2681">
     <span class='ocr_line' id='line_1_29' title="bbox 198 2610 1647 2637; baseline 0.003 -12"><span class='ocrx_word' id='word_1_234' title='bbox 198 2611 209 2625; x_wconf 67' lang='lat' dir='ltr'><strong>C</strong></span> <span class='ocrx_word' id='word_1_235' title='bbox 275 2615 294 2624; x_wconf 59' lang='grc' dir='ltr'>Α</span> <span class='ocrx_word' id='word_1_236' title='bbox 351 2617 371 2637; x_wconf 80' lang='lat' dir='ltr'><strong>u</strong></span> <span class='ocrx_word' id='word_1_237' title='bbox 404 2612 414 2627; x_wconf 67' lang='lat'><em>5</em></span> <span class='ocrx_word' id='word_1_238' title='bbox 493 2611 503 2625; x_wconf 83' lang='grc' dir='ltr'><em>Ι</em></span> <span class='ocrx_word' id='word_1_239' title='bbox 641 2612 650 2626; x_wconf 73' lang='grc'><strong>)</strong></span> <span class='ocrx_word' id='word_1_240' title='bbox 769 2610 779 2624; x_wconf 57' lang='grc' dir='ltr'><strong>Χ</strong></span> <span class='ocrx_word' id='word_1_241' title='bbox 929 2610 939 2625; x_wconf 80' lang='grc' dir='ltr'><em>Ι</em></span> <span class='ocrx_word' id='word_1_242' title='bbox 1139 2616 1157 2623; x_wconf 65' lang='grc' dir='ltr'>Α</span> <span class='ocrx_word' id='word_1_243' title='bbox 1240 2611 1272 2628; x_wconf 59' lang='lat' dir='ltr'>’N</span> <span class='ocrx_word' id='word_1_244' title='bbox 1383 2611 1393 2629; x_wconf 58' lang='lat' dir='ltr'>N</span> <span class='ocrx_word' id='word_1_245' title='bbox 1482 2612 1493 2627; x_wconf 58' lang='lat' dir='ltr'>X</span> <span class='ocrx_word' id='word_1_246' title='bbox 1551 2620 1557 2624; x_wconf 67' lang='lat'><em>⁷</em></span> <span class='ocrx_word' id='word_1_247' title='bbox 1588 2614 1596 2627; x_wconf 71' lang='lat'>³</span> <span class='ocrx_word' id='word_1_248' title='bbox 1637 2612 1647 2628; x_wconf 90' lang='grc' dir='ltr'><em>Ι</em></span> 
     </span>
     <span class='ocr_line' id='line_1_30' title="bbox 187 2613 1767 2681; baseline -0.001 -21"><span class='ocrx_word' id='word_1_249' title='bbox 187 2632 314 2674; x_wconf 86' lang='grc' dir='ltr'>υμεις</span> <span class='ocrx_word' id='word_1_250' title='bbox 388 2633 589 2673; x_wconf 85' lang='grc' dir='ltr'>ακουετε,</span> <span class='ocrx_word' id='word_1_251' title='bbox 628 2613 814 2662; x_wconf 90' lang='grc' dir='ltr'>επειδαν</span> <span class='ocrx_word' id='word_1_252' title='bbox 855 2633 1006 2681; x_wconf 76' lang='grc' dir='ltr'>τουτῳ</span> <span class='ocrx_word' id='word_1_253' title='bbox 1045 2615 1172 2679; x_wconf 91' lang='grc' dir='ltr'>δοκῃ·</span> <span class='ocrx_word' id='word_1_254' title='bbox 1227 2634 1306 2662; x_wconf 92' lang='grc' dir='ltr'>εαν</span> <span class='ocrx_word' id='word_1_255' title='bbox 1345 2615 1394 2662; x_wconf 91' lang='grc' dir='ltr'>δε</span> <span class='ocrx_word' id='word_1_256' title='bbox 1435 2636 1500 2676; x_wconf 92' lang='grc' dir='ltr'>μη</span> <span class='ocrx_word' id='word_1_257' title='bbox 1540 2617 1767 2679; x_wconf 40' lang='grc' dir='ltr'>’Χεθελῃις</span> 
     </span>
    </p>
   </div>
   <div class='ocr_carea' id='block_1_4' title="bbox 188 2771 1714 3086">
    <p class='ocr_par' dir='ltr' id='par_1_10' title="bbox 188 2771 1714 3086">
     <span class='ocr_line' id='line_1_31' title="bbox 242 2771 1712 2820; baseline 0 -12"><span class='ocrx_word' id='word_1_258' title='bbox 242 2771 252 2799; x_wconf 74' lang='lat'>¹</span> <span class='ocrx_word' id='word_1_259' title='bbox 272 2774 484 2808; x_wconf 82' lang='grc' dir='ltr'>δικαιότατον</span> <span class='ocrx_word' id='word_1_260' title='bbox 504 2787 574 2809; x_wconf 90' lang='lat' dir='ltr'>om.</span> <span class='ocrx_word' id='word_1_261' title='bbox 591 2777 664 2809; x_wconf 91' lang='lat' dir='ltr'><strong>A.r.</strong></span> <span class='ocrx_word' id='word_1_262' title='bbox 753 2781 783 2799; x_wconf 81' lang='lat' dir='ltr'>m</span> <span class='ocrx_word' id='word_1_263' title='bbox 804 2774 832 2809; x_wconf 84' lang='grc' dir='ltr'>δ’</span> <span class='ocrx_word' id='word_1_264' title='bbox 848 2774 947 2820; x_wconf 80' lang='grc' dir='ltr'>ἐμοῦ]</span> <span class='ocrx_word' id='word_1_265' title='bbox 973 2775 1011 2808; x_wconf 84' lang='grc' dir='ltr'>δέ</span> <span class='ocrx_word' id='word_1_266' title='bbox 1028 2790 1093 2819; x_wconf 87' lang='grc' dir='ltr'>μου</span> <span class='ocrx_word' id='word_1_267' title='bbox 1114 2777 1156 2810; x_wconf 86' lang='grc' dir='ltr'>Α.</span> <span class='ocrx_word' id='word_1_268' title='bbox 1188 2775 1216 2809; x_wconf 86' lang='grc' dir='ltr'>δ’</span> <span class='ocrx_word' id='word_1_269' title='bbox 1234 2788 1305 2811; x_wconf 89' lang='lat' dir='ltr'>om.</span> <span class='ocrx_word' id='word_1_270' title='bbox 1328 2777 1362 2810; x_wconf 76' lang='lat' dir='ltr'>S.</span> <span class='ocrx_word' id='word_1_271' title='bbox 1385 2782 1419 2810; x_wconf 81' lang='lat' dir='ltr'>et</span> <span class='ocrx_word' id='word_1_272' title='bbox 1440 2782 1532 2809; x_wconf 61' lang='lat' dir='ltr'>recto</span> <span class='ocrx_word' id='word_1_273' title='bbox 1555 2776 1712 2809; x_wconf 61' lang='lat' dir='ltr'>fortasse.</span> 
     </span>
     <span class='ocr_line' id='line_1_32' title="bbox 190 2827 1714 2874; baseline 0.001 -14"><span class='ocrx_word' id='word_1_274' title='bbox 190 2833 209 2851; x_wconf 81' lang='lat'>¹¹</span> <span class='ocrx_word' id='word_1_275' title='bbox 230 2829 364 2867; x_wconf 78' lang='grc' dir='ltr'>τοῦτον,</span> <span class='ocrx_word' id='word_1_276' title='bbox 387 2827 573 2873; x_wconf 83' lang='grc' dir='ltr'>μαρτυρίαν</span> <span class='ocrx_word' id='word_1_277' title='bbox 593 2828 669 2872; x_wconf 79' lang='grc' dir='ltr'>ὑμῖν</span> <span class='ocrx_word' id='word_1_278' title='bbox 690 2829 770 2862; x_wconf 82' lang='lat' dir='ltr'>A.S.</span> <span class='ocrx_word' id='word_1_279' title='bbox 802 2827 929 2861; x_wconf 80' lang='grc' dir='ltr'>τούτων</span> <span class='ocrx_word' id='word_1_280' title='bbox 949 2829 1026 2871; x_wconf 77' lang='grc' dir='ltr'>ὑμῖν</span> <span class='ocrx_word' id='word_1_281' title='bbox 1045 2827 1231 2874; x_wconf 81' lang='grc' dir='ltr'>μαρτυρίαν</span> <span class='ocrx_word' id='word_1_282' title='bbox 1252 2829 1372 2867; x_wconf 79' lang='lat' dir='ltr'><strong>F.Q.1·.</strong></span> <span class='ocrx_word' id='word_1_283' title='bbox 1512 2835 1529 2852; x_wconf 82' lang='lat'>0</span> <span class='ocrx_word' id='word_1_284' title='bbox 1550 2827 1589 2861; x_wconf 78' lang='grc' dir='ltr'>ἂν</span> <span class='ocrx_word' id='word_1_285' title='bbox 1609 2841 1714 2873; x_wconf 79' lang='lat' dir='ltr'>supra</span> 
     </span>
     <span class='ocr_line' id='line_1_33' title="bbox 188 2880 1712 2927; baseline 0.002 -14"><span class='ocrx_word' id='word_1_286' title='bbox 188 2892 326 2914; x_wconf 80' lang='lat' dir='ltr'>versum</span> <span class='ocrx_word' id='word_1_287' title='bbox 344 2881 384 2915; x_wconf 81' lang='grc' dir='ltr'>Α.</span> <span class='ocrx_word' id='word_1_288' title='bbox 453 2886 472 2914; x_wconf 82' lang='lat' dir='ltr'>P</span> <span class='ocrx_word' id='word_1_289' title='bbox 492 2881 531 2916; x_wconf 81' lang='grc' dir='ltr'>ἅς</span> <span class='ocrx_word' id='word_1_290' title='bbox 549 2880 662 2927; x_wconf 73' lang='grc' dir='ltr'>φησί]</span> <span class='ocrx_word' id='word_1_291' title='bbox 687 2881 725 2917; x_wconf 86' lang='grc' dir='ltr'>ἁς</span> <span class='ocrx_word' id='word_1_292' title='bbox 745 2881 837 2927; x_wconf 84' lang='grc' dir='ltr'>φασί</span> <span class='ocrx_word' id='word_1_293' title='bbox 856 2883 897 2915; x_wconf 84' lang='lat' dir='ltr'>A.</span> <span class='ocrx_word' id='word_1_294' title='bbox 930 2882 973 2916; x_wconf 80' lang='grc' dir='ltr'>ὡς</span> <span class='ocrx_word' id='word_1_295' title='bbox 993 2883 1084 2925; x_wconf 80' lang='grc' dir='ltr'>φασί</span> <span class='ocrx_word' id='word_1_296' title='bbox 1103 2895 1130 2916; x_wconf 88' lang='lat' dir='ltr'>r.</span> <span class='ocrx_word' id='word_1_297' title='bbox 1199 2888 1216 2915; x_wconf 78' lang='lat'>‘1</span> <span class='ocrx_word' id='word_1_298' title='bbox 1238 2883 1388 2927; x_wconf 77' lang='grc' dir='ltr'>ἐνταυθὶ]</span> <span class='ocrx_word' id='word_1_299' title='bbox 1415 2883 1569 2915; x_wconf 77' lang='grc' dir='ltr'>ἐνταυθοῖ</span> <span class='ocrx_word' id='word_1_300' title='bbox 1587 2894 1614 2915; x_wconf 86' lang='lat' dir='ltr'>r.</span> <span class='ocrx_word' id='word_1_301' title='bbox 1633 2894 1712 2916; x_wconf 68' lang='lat' dir='ltr'>cum</span> 
     </span>
     <span class='ocr_line' id='line_1_34' title="bbox 189 2934 1713 2980; baseline 0.002 -14"><span class='ocrx_word' id='word_1_302' title='bbox 189 2934 346 2979; x_wconf 83' lang='lat' dir='ltr'><strong>margine</strong></span> <span class='ocrx_word' id='word_1_303' title='bbox 368 2934 408 2967; x_wconf 83' lang='lat' dir='ltr'>F.</span> <span class='ocrx_word' id='word_1_304' title='bbox 519 2938 530 2950; x_wconf 82' lang='lat'>’</span> <span class='ocrx_word' id='word_1_305' title='bbox 549 2940 563 2958; x_wconf 74' lang='grc' dir='ltr'><strong>Γ</strong></span> <span class='ocrx_word' id='word_1_306' title='bbox 583 2935 810 2980; x_wconf 76' lang='grc' dir='ltr'>σημανθῆναι]</span> <span class='ocrx_word' id='word_1_307' title='bbox 838 2936 1055 2978; x_wconf 79' lang='grc' dir='ltr'>σημήνασθαι</span> <span class='ocrx_word' id='word_1_308' title='bbox 1077 2937 1148 2969; x_wconf 83' lang='lat' dir='ltr'><strong>A.r.</strong></span> <span class='ocrx_word' id='word_1_309' title='bbox 1171 2942 1205 2968; x_wconf 71' lang='lat' dir='ltr'>et</span> <span class='ocrx_word' id='word_1_310' title='bbox 1224 2951 1280 2979; x_wconf 90' lang='grc' dir='ltr'>γρ.</span> <span class='ocrx_word' id='word_1_311' title='bbox 1306 2936 1346 2968; x_wconf 85' lang='lat' dir='ltr'>B.</span> <span class='ocrx_word' id='word_1_312' title='bbox 1492 2941 1505 2958; x_wconf 99' lang='grc'>5</span> <span class='ocrx_word' id='word_1_313' title='bbox 1527 2934 1713 2980; x_wconf 79' lang='grc' dir='ltr'>ἐπήγγειλα</span> 
     </span>
     <span class='ocr_line' id='line_1_35' title="bbox 188 2986 1711 3035; baseline 0.001 -16"><span class='ocrx_word' id='word_1_314' title='bbox 188 2987 302 3021; x_wconf 82' lang='lat' dir='ltr'><strong>A.S.r.</strong></span> <span class='ocrx_word' id='word_1_315' title='bbox 321 2992 356 3020; x_wconf 80' lang='lat' dir='ltr'>et</span> <span class='ocrx_word' id='word_1_316' title='bbox 374 3002 430 3032; x_wconf 90' lang='grc' dir='ltr'>γρ.</span> <span class='ocrx_word' id='word_1_317' title='bbox 450 2987 490 3021; x_wconf 76' lang='grc' dir='ltr'>Β.</span> <span class='ocrx_word' id='word_1_318' title='bbox 521 2989 771 3033; x_wconf 83' lang='grc' dir='ltr'>ἐπηγγειλάμην</span> <span class='ocrx_word' id='word_1_319' title='bbox 794 2989 926 3027; x_wconf 78' lang='lat' dir='ltr'><strong>l&#39;›.F.Q.</strong></span> <span class='ocrx_word' id='word_1_320' title='bbox 1017 2988 1030 3012; x_wconf 69' lang='lat' dir='ltr'>t</span> <span class='ocrx_word' id='word_1_321' title='bbox 1051 2991 1097 3035; x_wconf 76' lang='grc' dir='ltr'>τῷ</span> <span class='ocrx_word' id='word_1_322' title='bbox 1116 2988 1256 3033; x_wconf 78' lang='grc' dir='ltr'>τούτου]</span> <span class='ocrx_word' id='word_1_323' title='bbox 1278 2991 1324 3033; x_wconf 86' lang='grc' dir='ltr'><strong><em>τῲ</em></strong></span> <span class='ocrx_word' id='word_1_324' title='bbox 1339 2986 1447 3033; x_wconf 78' lang='grc' dir='ltr'>τούτῳ</span> <span class='ocrx_word' id='word_1_325' title='bbox 1463 2988 1540 3031; x_wconf 68' lang='lat' dir='ltr'>(sic)</span> <span class='ocrx_word' id='word_1_326' title='bbox 1562 2989 1603 3022; x_wconf 82' lang='lat' dir='ltr'>A.</span> <span class='ocrx_word' id='word_1_327' title='bbox 1634 2987 1711 3021; x_wconf 66' lang='grc' dir='ltr'>τοί-</span> 
     </span>
     <span class='ocr_line' id='line_1_36' title="bbox 188 3040 1331 3086; baseline 0.001 -14"><span class='ocrx_word' id='word_1_328' title='bbox 188 3053 234 3086; x_wconf 84' lang='grc' dir='ltr'>τῳ</span> <span class='ocrx_word' id='word_1_329' title='bbox 254 3042 301 3086; x_wconf 78' lang='grc' dir='ltr'>τῷ</span> <span class='ocrx_word' id='word_1_330' title='bbox 319 3052 347 3073; x_wconf 86' lang='lat' dir='ltr'>r.</span> <span class='ocrx_word' id='word_1_331' title='bbox 440 3046 459 3064; x_wconf 71' lang='lat'>¹¹</span> <span class='ocrx_word' id='word_1_332' title='bbox 479 3040 633 3086; x_wconf 76' lang='grc' dir='ltr'>ἀκούετε]</span> <span class='ocrx_word' id='word_1_333' title='bbox 657 3041 823 3075; x_wconf 78' lang='grc' dir='ltr'>ἀκούσατε</span> <span class='ocrx_word' id='word_1_334' title='bbox 845 3043 917 3074; x_wconf 84' lang='grc' dir='ltr'><strong>Α.ῐ“.</strong></span> <span class='ocrx_word' id='word_1_335' title='bbox 1004 3047 1021 3065; x_wconf 76' lang='grc' dir='ltr'>Χ</span> <span class='ocrx_word' id='word_1_336' title='bbox 1043 3042 1161 3086; x_wconf 66' lang='grc' dir='ltr'>ἐθελη]</span> <span class='ocrx_word' id='word_1_337' title='bbox 1188 3042 1270 3083; x_wconf 71' lang='grc' dir='ltr'>θέλῃ</span> <span class='ocrx_word' id='word_1_338' title='bbox 1292 3042 1331 3073; x_wconf 81' lang='grc' dir='ltr'>Λ.</span> 
     </span>
    </p>
   </div>
   <div class='ocr_carea' id='block_1_5' title="bbox 247 3115 987 3141">
    <p class='ocr_par' dir='ltr' id='par_1_11' title="bbox 247 3115 987 3141">
     <span class='ocr_line' id='line_1_37' title="bbox 247 3115 987 3141; baseline 0.003 -2"><span class='ocrx_word' id='word_1_339' title='bbox 247 3115 341 3140; x_wconf 83' lang='lat' dir='ltr'><strong>vOL.</strong></span> <span class='ocrx_word' id='word_1_340' title='bbox 366 3116 422 3141; x_wconf 81' lang='lat' dir='ltr'>lv.</span> <span class='ocrx_word' id='word_1_341' title='bbox 965 3118 987 3141; x_wconf 71' lang='lat' dir='ltr'>G</span> 
     </span>
    </p>
   </div>
  </div>
 </body>
</html>
