2009 3286
285 206 397 245 1458
812 205 1276 261 [ΔΗΜΟΣΘΕΝΟΎΣ]
1400 207 1482 245 On.
1503 205 1633 246 LXI.
1659 219 1696 259 p.
1720 215 1839 258 1415,
1860 220 1934 244 1-—

285 318 370 381 μὲν
408 318 733 386 ὑπερηφάνως,
764 317 824 369 τὰ
862 318 910 368 δὲ
949 322 1189 378 ταπεινῶς,
1223 317 1283 367 τὰ
1319 319 1357 366 δ’
1392 317 1694 383 ῂὺπεράκρως
1727 317 1812 382 ζῆν
1829 335 1936 379 1415

285 402 626 469 προῃρημένον,
660 401 754 453 ἀπὸ
792 401 841 453 δὲ
877 404 959 465 τῆς
993 400 1272 466 Σωκράτους
1312 401 1500 464 ὁμιλίας
1533 399 1698 451 πολλὰ
1733 399 1818 462 μὲν

286 486 672 551 ἐπανορθωθέντα
716 491 799 536 τοῦ
844 487 964 546 βίου,
1004 483 1063 534 τὰ
1105 485 1153 535 δὲ
1197 483 1344 535 λοιποὶ
1386 488 1452 553 τῷ
1495 484 1679 549 μεγέθει
1723 488 1818 534 τῶν

217 582 269 626 57
287 569 453 619 ἄλλων
484 569 634 634 ἔργων
661 568 1080 636 Ῐέπικρυψάμενον.
1138 572 1174 617 εἰ
1209 568 1257 617 δὲ
1288 571 1360 617 δεῖ
1389 566 1454 631 μὴ
1480 566 1664 618 παλαιὰ
1690 565 1808 616 ιςλέ-

1043 650 1053 677 ¹
1071 650 1415 715 ὑπογυωτέροις
1458 651 1811 716 παραδείγμασι
1824 675 1841 705 5

285 675 456 717 γοντας
496 653 763 717 διατρίβειν,
809 652 1002 718 ἔχοντας

284 738 508 801 χρῆσθαι,
534 741 673 785 τοῦτο
707 734 792 798 μὲν
819 733 1052 798 Τιμόθεον
1079 735 1161 783 οὐκ
1187 734 1243 802 ἐξ
1267 732 1332 783 ῶν
1363 733 1582 799 νεώτερος
1608 731 1674 783 ῶν
1699 734 1805 784 ἐπε-

285 817 524 881 τήδευσεν,
564 820 674 867 ἀλλ’
717 818 773 885 ἐξ
808 815 873 866 ῶν
917 817 1181 883 Ἰσοκράτει
1229 818 1576 884 συνδιατρίψας
1624 817 1810 884 ἔπραξε,

282 902 512 966 μεγίστης
544 900 686 969 δόξης
719 902 795 951 καὶ
827 902 1073 952 πλείστων
1106 905 1254 962 τιμῶν
1288 899 1499 966 εὑρήσεις
1530 899 1806 968 ἀξιωθέντα·

283 991 421 1035 τοῦτο
461 983 508 1034 δὲ
547 985 788 1051 Ἀρχύταν
832 984 917 1048 τὴν
956 985 1261 1049 Ταραντίνων
1305 982 1449 1034 πόλιν
1488 984 1610 1034 οὕτω
1651 988 1810 1036 καλῶς
1827 1007 1865 1028 10

284 1071 358 1117 καὶ
396 1068 747 1135 φιλανθρώπως
783 1066 1089 1131 διοικήσαντα
1120 1075 1150 1093 ¹¹¹
1164 1067 1323 1133 κύριον
1357 1068 1499 1130 αὐτῆς
1535 1065 1806 1116 καταστάν-

283 1173 355 1213 τα,
391 1150 505 1201 ὥστ’
542 1155 604 1204 εἷς
644 1150 854 1204 ἅπαντας
894 1149 980 1214 τὴν
1018 1152 1192 1201 ἐκείνου
1230 1150 1418 1214 μνήμην
1457 1152 1715 1214 διενεγκεῖν
1762 1148 1812 1202 ὃς

282 1236 330 1284 ἐν
376 1236 499 1301 ἀρχῇ
545 1233 984 1303 καταφρονούμενος
1031 1236 1079 1284 ἐκ
1129 1239 1212 1284 τοῦ
1258 1232 1486 1284 Πλάτωνι
1537 1232 1812 1297 πλησιάσαι

213 1331 266 1384 58
283 1316 521 1380 τοσαύτην
573 1317 746 1378 ἔλαβεν
796 1319 1024 1369 ἐπίδοσιν.
1096 1319 1170 1367 καὶ
1221 1317 1401 1368 τούτων
1446 1316 1578 1367 οὐδὲν
1622 1316 1812 1382 ἀλόγως

283 1401 608 1464 Πάποβέβηκε·
651 1401 779 1452 πολὺ
814 1401 907 1468 γὰρ
941 1400 997 1464 ἧν
1032 1402 1342 1467 ἀτοπώτερον,
1376 1405 1413 1451 εἷ
1452 1400 1511 1451 τὰ
1545 1400 1631 1464 μὲν
1667 1399 1810 1467 μικρὰ
1825 1420 1860 1453 15

283 1486 337 1534 δι’
383 1484 644 1548 ἐπιστήμης
691 1488 765 1535 καὶ
817 1485 1015 1548 μελέτης
1059 1483 1416 1550 ἠναγκαζόμεθα
1465 1486 1706 1546 ἐπιτελεῖν,
1750 1484 1811 1535 τὰ

284 1567 332 1617 δὲ
375 1567 580 1631 μέγιστα
634 1568 742 1618 ἄνευ
788 1575 806 1593 ⁰
827 1568 999 1632 ταύτης
1050 1571 1132 1631 τῆς
1180 1568 1505 1633 πραγματείας
1545 1566 1811 1631 ἠδυνάμεθα

283 1651 518 1716 πράττειν.
574 1655 679 1717 περὶ
719 1651 802 1714 μὲν
841 1653 922 1702 οὖν
960 1652 1139 1702 τούτων
1174 1652 1255 1702 οὐκ
1292 1649 1372 1702 οἶδ’
1410 1651 1435 1701 ὅ
1474 1674 1518 1701 τι
1557 1653 1628 1702 δεῖ
1659 1651 1809 1702 πλείω

284 1736 453 1800 λέγειν·
494 1735 597 1786 οὐδὲ
635 1734 722 1801 γὰρ
748 1736 805 1803 ἐξ
828 1737 975 1802 ἀρχῆς
1009 1737 1071 1788 ὡς
1105 1739 1351 1788 παντελῶς
1386 1735 1587 1801 ἀπείρως
1620 1732 1808 1801 ἔχοντός
1821 1758 1863 1779 20

283 1842 375 1869 σου
419 1824 525 1884 περὶ
572 1820 725 1869 αὐτῶν
769 1818 1026 1882 ἐμνήσθην,
1067 1821 1179 1868 ἀλλ’
1219 1817 1475 1882 ἡγούμενος
1519 1816 1603 1871 τὰς
1646 1817 1803 1868 τοιαύ-

282 1926 365 1956 τας
404 1903 730 1968 παρακλήσεις
769 1902 877 1956 τοὺς
921 1902 1005 1966 μὲν
1044 1905 1331 1967 ἀγνοοῦντας
1371 1903 1661 1968 προτρέπειν,
1701 1900 1808 1955 τοὺς

215 1997 268 2039 59
284 1987 320 2036 δ’
355 1986 534 2039 εἰδότας
571 1986 867 2053 παροξύνειν.
930 1985 1074 2049 μηδὲν
1113 1985 1161 2036 δὲ
1201 1985 1448 2053 ὑπολάβῃς
1487 1992 1711 2048 τοιοῦτον,
1744 1988 1806 2039 ὡς

284 2070 375 2135 ἄρα
426 2069 517 2135 ἐγὼ
569 2071 695 2120 ταῦτ’
744 2070 903 2135 εἴρηκα
954 2069 1157 2137 διδάξειν
1207 2069 1345 2122 αὐτὸς
1396 2068 1808 2135 ἐπαγγελλόμενός

282 2153 383 2203 Ρσέ
415 2177 458 2203 τι
492 2154 687 2204 τούτων·
729 2155 782 2203 οὐ
814 2153 908 2220 γὰρ
935 2152 991 2203 ἂν
1022 2154 1324 2220 αἰσχυνθείην
1359 2152 1501 2203 εἰπὼν
1536 2153 1606 2203 ὅτι
1640 2152 1804 2204 πολλὰ
1820 2175 1858 2207 ²5

283 2239 446 2299 μαθεῖν
483 2235 622 2288 αὐτὸς
657 2236 756 2286 (ῑὲτι
797 2236 970 2298 δέομαι,
1008 2239 1083 2286 καὶ
1122 2241 1313 2299 μᾶλλον
1351 2235 1619 2301 ἀγωνιστὴς
1656 2234 1805 2304 προῄ-

283 2341 427 2384 ρημαι
477 2323 570 2368 τῶν
616 2326 629 2344 ¹'
648 2324 849 2369 πολλῶν
893 2318 921 2382 ἢ
968 2318 1257 2370 διδάσκαλος
1307 2316 1420 2368 εἶναι
1472 2323 1565 2368 τῶν
1615 2319 1800 2370 ἄλλων.

283 2402 369 2467 οὐχ
402 2404 463 2453 ὡς
497 2401 794 2464 ἀναινόμενος
827 2401 875 2451 δὲ
911 2408 1058 2452 ταῦτα
1090 2404 1382 2466 Ξδιαιροῦμαι
1417 2400 1502 2464 τὴν
1536 2405 1631 2452 τῶν
1662 2406 1806 2471 σοφι-

283 2483 465 2534 στεύειν
504 2484 738 2547 ἑλομένων
777 2485 936 2552 δόξαν,
977 2485 1087 2534 ἀλλ’
1129 2484 1198 2534 ὅτι
1243 2483 1445 2547 τάληθὲς
1486 2490 1653 2535 τοῦτον
1695 2485 1805 2553 ε”χον

216 2566 502 2633 ὁοτυγχάνει
546 2566 628 2617 τὸν
670 2568 861 2633 τρόπον,
900 2569 995 2618 ἐπεὶ
1040 2566 1236 2617 σύνοιδά
1278 2589 1330 2631 γε
1372 2566 1586 2620 πολλοὺς
1627 2567 1712 2632 μὲν
1751 2569 1809 2639 ἐξ
1822 2576 1928 2628 1416

338 2699 358 2725 ¹¹
380 2702 590 2747 ὑπεράκρως]
617 2702 852 2747 ὑπερακράτως
870 2718 925 2747 γρ.
950 2703 1035 2741 RQ.
1165 2701 1173 2728 ¹
1196 2705 1489 2751 ἐπικρυψάμενον]
1514 2705 1803 2750 ἀποκρυψάμενον

286 2765 494 2799 Schaefcrus.
566 2762 585 2788 k
606 2765 785 2810 λέγοντος]
810 2755 972 2810 λέγοντος
994 2768 1030 2801 F.
1062 2766 1207 2813 λε’γοντιι
1229 2769 1316 2808 S.Q.
1390 2767 1400 2793 l
1422 2769 1692 2815 ὑπογυωτέροις]
1718 2769 1801 2803 ὑπο-

283 2819 458 2863 γυοτέροις
479 2818 524 2852 Ο.
562 2819 810 2864 ὑπογυωτέροις
832 2820 1041 2858 1⁴',S.Y.Q.v.
1155 2827 1184 2845 ¹¹¹
1206 2821 1319 2867 κύριον
1335 2823 1495 2856 VVolfius.
1531 2823 1731 2868 Legebatur
1751 2823 1803 2856 καὶ

283 2870 406 2915 κύριον.
521 2877 538 2895 ¹¹
559 2871 768 2917 ἀποβέβηκε]
792 2871 1029 2916 ἀποβέβληκεν
1052 2874 1223 2913 F.Q.O.v.
1337 2881 1355 2900 0
1375 2874 1515 2921 ταύτης]
1540 2877 1661 2920 τέχνης
1679 2874 1803 2918 ταύτης

286 2924 371 2963 RQ.
388 2929 423 2958 et
443 2924 496 2958 ed.
511 2925 588 2958 Ald.
657 2931 676 2958 P
697 2925 741 2959 σε’
757 2924 807 2970 τι]
832 2926 880 2958 ἔτι
902 2926 985 2965 ΞΗΩ
1051 2935 1069 2962 (l
1091 2928 1139 2960 ἔτι
1160 2928 1293 2974 δέομαι]
1318 2928 1492 2972 ἐπιδέομαι
1506 2941 1540 2964 v.
1606 2934 1621 2952 ¹⁸
1640 2928 1799 2974 πολλῶν]

283 2979 394 3010 πόνων
415 2977 452 3011 F.
484 2980 667 3013 πολιτικῶν
686 2993 742 3024 γρ.
767 2978 902 3017 F.Y.Q.
1004 2986 1017 3004 S
1039 2980 1244 3027 διαιροῦμαι]
1270 2982 1467 3027 διορθοῦμαι
1487 2996 1542 3028 γρ.
1564 2981 1610 3021 Q.
