2009 3286
87 211 271 250 —1420‚
293 214 345 244 17.
833 201 1119 239 HPOOIMIA.
1629 198 1739 238 1443

212 312 332 378 πρὸς
364 312 535 376 ἡδονὴν
570 314 868 377 δημηγορεῖν·
911 314 948 361 εἰ
983 311 1021 361 δ’
1051 310 1078 373 ἡ
1114 313 1207 360 τῶν
1242 308 1402 374 λόγων
1434 309 1583 376 χάρις,
1617 308 1675 359 ἂν
1710 308 1739 377 ᾗ

213 393 279 458 μὴ
313 394 640 460 προσήκουσα,
677 393 800 461 ἔργῳ
837 392 975 458 ζημία
1012 393 1236 458 γίγνεται,
1272 392 1475 459 αἰσχρόν
1513 394 1617 443 ἐστι
1657 399 1741 461 φε-

216 477 410 542 νακίζειν
448 475 637 529 ἑαυτοὺς
676 477 751 526 καὶ
796 474 914 539 μετὰ
951 479 1034 538 τῆς
1072 474 1278 542 ἐσχάτης
1317 474 1524 541 ἀνάγκης
1562 476 1741 544 πρᾶξαι

214 564 362 609 ταῦτα
389 557 419 608 ἃ
443 557 594 609 πάλαι
619 557 887 611 ἰἐθελοντὰς
913 556 1158 624 1(προσῆκε
1183 563 1345 609 ποιεῖν.
1753 578 1794 599 20

937 651 1020 702 1Β.

350 737 361 751 2
399 738 414 756 χ
522 737 532 750 ,
578 735 591 752 x
764 735 778 751 t
970 734 990 755 ς
1036 736 1058 751 ,ι
1212 736 1222 752 2
1398 740 1418 749 Α
1606 736 1617 753 t

289 740 415 804 Ουχι
449 758 596 787 ταυτα
630 757 928 801 γιγνώσκειν,
955 759 992 786 ω
1023 738 1187 802 ανδρες
1229 739 1469 800 Αθηναιοι,
1497 758 1738 802 παριστα-

215 820 295 870 ταί
327 842 421 882 μοι,
458 819 571 870 ὅταν
608 819 662 869 τό
701 841 751 869 τε
789 822 872 882 τῆς
909 820 1150 873 πολιτείας
1187 818 1335 882 ὄνομα
1372 821 1501 883 ὑμῶν
1535 819 1741 881 ἀκούσω,

216 905 292 954 καὶ
319 903 432 954 ὅταν
457 903 540 954 τὸν
560 904 735 969 τρόπον
762 902 815 954 ὃν
834 903 1195 971 προσφέρονταί
1215 926 1334 956 τινες
1361 904 1490 966 ὑμῶν
1509 907 1605 956 τοῖς
1626 902 1742 969 ὑπὲρ

213 987 385 1051 ταύτης
425 987 651 1053 λέγουσιν
689 987 790 1038 ἰ’δω.
851 986 936 1051 τὴν
974 986 1059 1051 μὲν
1093 986 1188 1053 γὰρ
1220 987 1463 1038 πολιτείαν
1496 990 1737 1053 δημοκρα-
1758 1006 1793 1037 25

214 1072 332 1133 τίαν,
371 1069 535 1137 ὥσπερ
580 1068 781 1124 ἅπαντες
826 1070 942 1132 ἰ’στε,
983 1070 1240 1136 ὀνομάζετε·
1287 1074 1382 1121 τῶν
1427 1069 1476 1120 δὲ
1519 1071 1743 1121 τάναντία

214 1154 361 1221 ταύτῃ
406 1154 645 1218 λεγόντων
686 1155 831 1207 ε’νιόυς
876 1155 1052 1218 ωῆδιον
1092 1154 1382 1206 ι“οἰκοι)ὀντας
1428 1154 1535 1219 ὁρῶ.
1597 1153 1622 1204 ὃ
1668 1156 1744 1204 καὶ

216 1237 436 1304 θαυμάζω
475 1238 544 1291 τίς
576 1260 692 1288 ποτε
728 1238 755 1300 ἡ
794 1235 1056 1304 πρόφασις.
1113 1235 1343 1303 Οπότερον
1381 1241 1553 1302 προῖκα
1589 1238 1746 1302 λέγειν

214 1326 345 1372 ταῦτ’
380 1321 546 1374 αὐτοὺς
586 1321 776 1382 οἴεσθε,
828 1323 943 1371 ἀλλ’
976 1325 1019 1371 οἱ
1056 1325 1151 1371 τῶν
1190 1323 1492 1387 ὀλιγαρχιῶν,
1529 1320 1644 1386 ὑπὲρ
1679 1317 1745 1370 ὧν

218 1406 343 1455 οὗτοι
376 1405 587 1469 λέγουσι,
621 1404 767 1470 κύριοι
802 1406 875 1454 καὶ
910 1405 1060 1455 πλείω
1094 1408 1255 1472 σιωπῇ
1290 1409 1481 1466 μᾶλλον
1512 1403 1570 1454 ἂν
1603 1407 1740 1455 δοῖεν.
1761 1419 1869 1460 1420

218 1487 348 1537 ἀλλὰ
383 1489 559 1548 βελτίω
599 1492 729 1537 ταῦτ’
763 1485 876 1537 εἶναι
916 1492 1010 1538 τῶν
1049 1487 1217 1554 ἑτέρων
1254 1487 1580 1555 ὑπειλήφατε;
1630 1493 1745 1548 βελ-

217 1572 328 1622 τίων
373 1572 464 1636 ὁίρα
516 1572 621 1633 ὑμῖν
667 1570 920 1637 ὀλιγαρχία
969 1571 1282 1635 δημοκρατίας
1330 1571 1560 1638 φαίνεται.
1629 1572 1743 1620 ἀλλ’

218 1654 384 1708 αὐτοὺς
434 1652 546 1704 εἶναι
591 1655 810 1713 βελτίους
854 1655 1080 1719 ἡγεῖσθε,
1144 1656 1220 1704 καὶ
1271 1655 1341 1707 τίς
1390 1653 1448 1704 ἂν
1493 1655 1570 1723 ὑφ’
1616 1655 1775 1717 ὑμῶν5

219 1736 429 1804 χρηστὸς
457 1737 684 1804 νομίζοιτο
711 1736 896 1790 εἰκότως
922 1738 1107 1788 ἐναντία
1133 1742 1191 1805 τῇ
1218 1739 1504 1806 καθεστώσῃ
1529 1739 1746 1807 πολιτείᾳ

219 1825 536 1888 δημηγορῶν,
581 1823 746 1872 οὐκοῦν
778 1820 947 1872 λοιπὸν
981 1821 1263 1887 ἁμαρτάνειν
1294 1824 1425 1885 ὑμᾶς,
1454 1822 1567 1873 ὅταν
1598 1824 1745 1876 οὕτως

219 1906 351 1972 ε”χητε
378 1906 464 1969 τὴν
490 1905 699 1971 γνώμην.
753 1911 890 1955 τοῦτο
923 1906 1078 1956 τοίνυν
1105 1904 1408 1973 φυλάττεσθε
1434 1905 1498 1969 μὴ
1525 1905 1744 1973 πάσχειν,

220 1988 257 2040 ὦ
297 1990 461 2055 ἄνδρες
507 1993 763 2053 Ἀθηναῖοι,
805 1988 930 2041 ὅπως
975 1987 1040 2052 μή
1084 2011 1199 2040 ποτε
1246 1994 1341 2042 τοῖς
1384 1989 1745 2049 ἐπιβουλεύουσι

220 2072 379 2136 λαβὴν
414 2073 604 2133 δώσετε,
642 2070 738 2122 εἶτα
777 2070 881 2121 τότε
921 2071 1216 2135 αἰσθήσεσθε
1251 2071 1582 2138 ἡμαρτηκότες,
1613 2073 1747 2136 ἡνίκα
1764 2098 1801 2119 10

221 2158 314 2207 οὐδ’
359 2158 513 2207 ὁτιοῦν
559 2157 664 2218 ὑμῖν
708 2155 857 2205 πλέον
903 2155 1053 2205 ἔσται.
1112 2154 1201 2205 Ι’τὸ
1245 2154 1329 2218 μὲν
1370 2156 1464 2218 οὖν,
1504 2153 1540 2206 ὦ
1584 2156 1746 2223 ἄνδρες

221 2241 475 2304 Ἀθηναῖοι,
511 2239 576 2303 μὴ
612 2237 748 2289 πάνθ’
785 2241 846 2291 ὡς
886 2236 944 2288 ἂν
979 2239 1108 2302 ἡμεῖς
1142 2239 1434 2302 βουλοίμεθα
1473 2239 1593 2307 ἔχειν
1630 2238 1747 2303 μήτε

221 2325 329 2389 παρ’
363 2325 514 2376 αὐτοῖς
552 2323 660 2386 ἡμῖν
697 2323 813 2386 μήτε
852 2320 982 2387 παρὰ
1019 2326 1115 2375 τοῖς
1153 2321 1422 2390 συμμάχοις
1461 2322 1577 2376 ἴσως
1616 2323 1749 2373 οὐδέν

223 2409 326 2458 ἐστι
365 2406 659 2471 θαυμαστόν
707 2410 908 2457 πολλῶν
947 2404 1040 2471 γὰρ
1078 2404 1132 2456 τὸ
1171 2408 1254 2469 τῆς
1296 2407 1440 2473 τύχης
1483 2405 1748 2470 αὐτόματον

225 2496 396 2558 κρατεῖ,
449 2493 523 2541 καὶ
577 2493 758 2541 πολλαὶ
809 2488 1116 2558 Ἷπροφάσεις
1166 2495 1248 2540 τοῦ
1305 2489 1370 2553 μὴ
1422 2489 1579 2540 πάντα
1629 2488 1800 2546 now-&15

224 2576 418 2641 γνώμην
456 2575 736 2638 συμβαίνειν
773 2573 1038 2640 ἀνθρώποις
1070 2573 1219 2626 Υοῦσι.
1273 2572 1327 2624 τὸ
1366 2572 1415 2624 δὲ
1453 2576 1562 2637 μηδ’
1596 2574 1749 2623 ὁτιοῦν

225 2658 607 2722 μεταλαμβάνειν
657 2657 740 2708 τὸν
792 2659 952 2721 δῆμον,
1005 2657 1134 2708 ἀλλὰ
1191 2657 1299 2711 τοὺς
1350 2657 1750 2723 ἀντιπράττοντας

281 2841 290 2868 ἱ
311 2843 508 2890 ἐθελοντὰς]
533 2843 712 2878 ἐθέλοντας
727 2842 854 2882 Q-O.V.
884 2842 1048 2878 θέλοντας
1065 2843 1147 2877 S.Y.
1207 2839 1227 2866 k
1248 2839 1419 2886 προσῆκε]
1444 2838 1610 2884 προσήκει
1629 2853 1685 2883 γρ.
1704 2838 1749 2877 Q.

226 2895 236 2922 Ῑ
259 2896 314 2942 13]
340 2898 386 2931 Γ’.
411 2897 445 2931 S.
522 2902 550 2921 ¹¹¹
572 2895 683 2942 ἥδιον]
708 2897 818 2940 ηδειον
839 2896 875 2930 S.
952 2902 971 2920 ὓ
991 2895 1193 2941 ἀκούοντας]
1217 2893 1427 2928 ἀκούσαντας
1448 2892 1573 2931 F.Q.V.
1646 2897 1664 2916 0
1687 2892 1748 2925 πό-

227 2949 342 2996 τερον]
366 2952 533 2995 πρότερον
554 2949 640 2985 S.O.
735 2955 754 2983 P
774 2948 830 2994 τὸ]
855 2949 1034 2984 Numerus
1055 2951 1093 2984 Δ’
1114 2949 1310 2995 adscriptus
1331 2947 1367 2981 in
1389 2946 1424 2981 S.
1515 2951 1535 2979 q
1555 2945 1751 2990 προφάσεις

228 3003 307 3050 τοῦ]
332 3004 526 3048 προφάσεις
546 3003 592 3038 εἰς
612 3004 650 3037 τὸ
671 3017 724 3049 γρ.
742 3003 835 3042 Y.Q.
926 3009 940 3027 ¹⁸
960 3002 1056 3049 οὖσι]
1083 3001 1153 3037 εἶσί
1171 3015 1203 3037 v.
