2009 3286
285 184 398 226 1506
816 186 1288 240 [ΔΗΜΟΣΘΕΝΟΎΣ]
1347 186 1500 226 EPIST.
1519 185 1611 225 III.
1634 198 1675 239 p.
1701 183 1818 236 1482‚
1836 197 1934 225 26—

286 304 390 352 καθ’
417 301 545 363 ὑμῶν
584 303 645 354 εἰς
685 298 921 367 ὑποδοχὴν
953 298 1261 367 πραγμάτων,
1289 297 1354 350 ὧν
1391 299 1690 368 διαψεύσειεν
1720 298 1807 349 αὐ-

285 384 392 439 τοὺς
419 387 444 436 ὁ
471 384 723 451 λογισμός.
778 388 816 435 εὶ
843 384 898 435 δέ
921 408 991 438 τις
1028 386 1157 448 ὑμῶν
1189 383 1399 451 διασύρει
1437 389 1596 445 ταῦτα,
1623 385 1812 446 πολλῆς

285 471 417 520 ἐστὶν
443 470 648 533 εὐηθείας
673 468 862 533 μεστός.
916 473 953 520 εἰ
980 467 1086 535 γὰρ,
1114 467 1145 518 ἃ
1169 470 1326 533 μηδεὶς
1363 467 1419 518 ἂν
1445 467 1665 532 ἤλπισεν,
1688 468 1811 533 ὁρῶν

285 553 584 619 γεγενημένα,
611 552 642 603 ἂ
673 555 749 604 καὶ
785 552 1014 620 πρότερον
1039 552 1204 618 γε’γονε
1242 558 1325 603 τοῦ
1361 551 1510 616 δήμου
1548 551 1667 618 πρὸς
1704 548 1812 614 τοὺς

287 635 402 704 ὑπὲρ
429 638 570 687 αὐτοῦ
606 636 833 702 λέγοντας
872 637 946 688 ὑπ’
975 636 1237 701 ἀνθρώπων
1271 636 1562 702 ἕέγκαθέτων
1601 639 1807 700 διαβλη-
1828 643 1933 698 1483

287 721 459 783 θέντος,
487 727 568 772 νῦν
593 720 658 785 μὴ
686 719 744 771 ἂν
771 720 912 771 οἴεται
939 721 1174 787 γενέσθαι,
1201 725 1302 774 πῶς
1328 722 1381 772 οὐ
1408 721 1705 790 τετύφωται;

217 818 271 861 35
361 811 526 857 Ταῦτα
571 807 608 855 δ’
655 809 693 856 εἷ
736 805 822 869 μὲν
865 809 1036 871 παρῆν,
1082 803 1237 871 λέγων
1283 804 1340 856 ἂν
1385 807 1503 869 ὑμᾶς
1547 807 1807 856 ἐδίδασκον·

287 889 469 952 ΙἾἐπειδὴ
505 893 545 940 δ’
578 892 625 940 ἐν
663 888 900 944 ἰτοιούτοις
934 892 1024 952 εἰμὶ
1062 891 1110 940 ἐν
1148 889 1227 953 οἶς,
1256 890 1298 940 εἴ
1328 913 1397 943 τις
1429 891 1540 955 ἐμοῦ
1573 890 1841 959 κατέψευ-5

286 997 398 1025 σται
462 973 568 1043 Κέφ’
621 972 687 1027 οἷς
732 973 986 1037 ἀπόλωλα,
1041 974 1238 1039 γένοιτο,
1279 974 1476 1042 γράψας
1526 974 1812 1038 ἐπέσταλκα,

285 1063 476 1125 πρῶτον
513 1056 598 1122 μὲν
638 1059 713 1108 καὶ
758 1063 990 1109 πλεῖστον
1033 1058 1183 1124 λόγον
1222 1059 1498 1123 ποιούμενος
1536 1065 1618 1110 τοῦ
1663 1064 1814 1110 καλοῦ

287 1144 362 1193 καὶ
389 1148 472 1193 τοῦ
505 1142 835 1209 συμφεροντος
874 1144 994 1207 ὑμῖν,
1022 1144 1236 1210 δεύτερον
1275 1147 1316 1194 δ’
1346 1144 1417 1195 ὅτι
1451 1142 1537 1208 τὴν
1562 1143 1707 1208 αὐτὴν
1732 1145 1811 1194 εὕ-

287 1250 429 1289 νοιαν,
456 1225 514 1290 ἢν
539 1226 657 1293 πρὸς
684 1226 833 1293 ζῶντα
854 1230 1132 1294 Λυκοῦργον
1152 1226 1290 1296 εἶχον,
1313 1229 1488 1279 δίκαιον
1509 1226 1622 1279 εἶναι
1643 1227 1812 1295 νομίζω

218 1324 272 1376 36
287 1313 363 1362 καὶ
396 1310 515 1378 πρὸς
553 1309 661 1365 τοὺς
704 1315 874 1365 παῖδας
908 1313 1050 1363 αὐτοῦ
1083 1313 1338 1381 φαίνεσθαι
1379 1312 1515 1380 ἔχων.
1571 1316 1608 1363 εἷ
1653 1312 1709 1363 δέ
1744 1335 1811 1382 τῳ
1829 1337 1866 1359 10

286 1395 582 1463 παρέστηκεν
607 1398 669 1449 ὡς
707 1395 835 1447 πολύ
860 1419 939 1462 μοι
965 1397 1175 1462 περίεστι
1213 1401 1309 1447 τῶν
1346 1398 1547 1460 ἐμαυτοῦ
1584 1395 1809 1463 πραγμά-

287 1503 396 1542 των,
422 1480 504 1530 οὐκ
527 1479 584 1530 ἂν
610 1478 863 1544 ὀκνήσαιμι
888 1478 1008 1546 πρὸς
1043 1486 1210 1530 τοῦτον
1236 1485 1378 1532 εἰπεῖν
1405 1480 1475 1531 ὅτι
1501 1486 1595 1531 τῶν
1620 1484 1812 1549 συμφε-

288 1562 469 1629 ρόντων
508 1565 615 1625 ὑμῖν
654 1565 728 1613 καὶ
770 1569 853 1614 τοῦ
894 1563 1072 1628 μηδένα
1115 1568 1210 1614 τῶν
1250 1565 1408 1632 φίλων
1443 1563 1816 1630 1ἐγκαταλείπειν

291 1648 460 1712 ὁμοίως
498 1646 662 1713 ὥσπερ
700 1649 783 1710 τῆς
829 1649 1029 1711 ἐμαυτοῦ
1071 1648 1306 1713 σωτηρίας
1346 1647 1593 1714 φροντίζω.
1649 1649 1815 1699 οὔκουν

291 1733 341 1782 ἐκ
375 1738 459 1783 τοῦ
493 1731 733 1798 περιόντος
773 1738 921 1782 ταῦτα
955 1736 1089 1793 ποιῶ,
1115 1733 1229 1782 ἀλλ’
1258 1730 1351 1783 ἀπὸ
1376 1735 1460 1796 τῆς
1486 1732 1627 1796 αὐτῆς
1654 1755 1810 1783 σπου·
1829 1749 1865 1782 15

292 1818 374 1879 δῆς
438 1818 512 1866 καὶ
564 1815 881 1882 προαιρέσεως
945 1818 1021 1866 καὶ
1073 1820 1220 1866 ταῦτα
1279 1817 1466 1866 κάκεῖνα
1516 1819 1601 1884 μιᾷ
1651 1815 1816 1883 γνώμῃ

290 1899 695 1966 πραγματεύομαι.
751 1900 964 1966 περίεστι
1003 1900 1059 1950 δέ
1086 1922 1166 1963 μοι
1206 1905 1449 1963 ωτοιαῦτα,
1488 1898 1562 1950 οἷα
1595 1904 1692 1953 τοῖς
1727 1922 1811 1951 κα-

293 1982 375 2033 κόν
416 2006 459 2033 τι
502 1989 694 2034 νοοῦσιν
740 1984 846 2047 ὑμῖν
886 1983 1190 2050 περιγένοιτο.
1250 1986 1324 2034 καὶ
1365 1986 1471 2050 περὶ
1511 1982 1596 2047 μὲν
1639 1983 1818 2034 τούτων

294 2067 439 2118 ἱκανά,

225 2175 278 2217 37
366 2153 549 2207 Ἡδέως
587 2154 626 2204 δ’
667 2152 725 2205 ἂν
761 2155 867 2217 ὑμῖν
906 2152 991 2217 τὴν
1028 2154 1101 2203 ἐπ’
1141 2154 1293 2222 εὐνοίᾳ
1337 2155 1412 2204 καὶ
1456 2154 1596 2221 φιλίᾳ
1632 2152 1870 2221 με’μψινῖο

292 2237 584 2300 ποιησαίμην
623 2242 705 2287 νῦν
739 2237 823 2300 μὲν
862 2237 910 2287 ἐν
948 2237 1208 2306 κεφαλαίῳ,
1243 2241 1421 2307 “μικρῴ
1455 2239 1495 2286 δ’
1525 2238 1724 2303 ὕστερον
1759 2238 1814 2287 δι’

293 2321 552 2382 ἐπιστολῆς
591 2326 813 2387 Ομακροῖς,
853 2320 911 2384 ἢν
956 2320 1124 2387 ἐάνπερ
1169 2322 1263 2387 ἐγὼ
1307 2322 1368 2387 ζῶ
1407 2325 1721 2388 προσδοκᾶτε,
1760 2319 1819 2372 ἂν

295 2403 360 2467 μὴ
398 2403 456 2454 τὰ
493 2405 646 2454 δίκαια
680 2406 901 2470 γίγνηταί
931 2428 1010 2468 μοι
1045 2407 1153 2471 παρ’
1189 2407 1317 2469 ὑμῶν
1351 2406 1598 2472 πρότερον·
1643 2406 1818 2469 οἵτινες,

296 2484 334 2537 ὦ
369 2488 436 2549 (τί
466 2486 523 2537 ἂν
549 2487 690 2538 εἰπὼν
722 2487 829 2552 μήθ’
860 2490 1083 2554 ἁμαρτεῖν
1121 2490 1306 2553 δοκοίην
1332 2489 1447 2552 μήτε
1483 2490 1760 2558 ψευσαίμην
1779 2495 1814 2558 3)

298 2572 408 2621 λίαν
435 2572 670 2636 ὀλίγωροι,
697 2572 799 2622 οὔτε
831 2571 938 2625 τοὺς
965 2572 1143 2626 ἄλλους
1179 2574 1274 2623 οὔθ’
1304 2574 1422 2637 ὑμᾶς
1448 2571 1613 2626 αὐτοὺς
1640 2572 1813 2640 αἱσχύ-
1830 2598 1868 2630 25

493 2655 502 2669 ²
610 2653 629 2673 r?
685 2655 694 2669 9
952 2656 962 2673 l
1158 2658 1168 2672 9
1230 2655 1239 2669 Ῑ
1347 2670 1350 2672 .
1407 2657 1416 2671 5
1453 2657 1465 2672 X
1575 2654 1586 2671 Ι

301 2657 454 2715 νεσθε,
480 2658 555 2722 εφ’
584 2677 651 2707 οις
700 2658 1074 2720 Αριστογειτονα
1112 2665 1130 2693 1‘
1142 2660 1368 2724 αφηκατε,
1395 2679 1468 2706 επι
1503 2677 1683 2708 τουτοις
1710 2661 1812 2720 Δη-

356 2790 377 2818 g
397 2784 600 2830 ἐγκαθέτων]
626 2784 832 2829 ἐγκαθέντων
853 2785 924 2818 B.t.
1026 2783 1046 2809 h
1066 2786 1197 2832 ἐπειδὴ]
1219 2787 1290 2820 ἐπεὶ
1311 2787 1352 2820 Β.
1373 2787 1407 2820 in
1428 2792 1527 2832 parte
1546 2798 1614 2820 rec.
1717 2782 1726 2810 i
1747 2799 1817 2819 τοι-

302 2836 432 2883 ούτοις]
457 2840 528 2872 τοῖς
547 2836 714 2873 τοιούτοις
735 2838 775 2871 Β.
798 2838 831 2871 in
853 2844 951 2883 parte
971 2851 1040 2873 rec.
1063 2844 1097 2873 et
1117 2846 1142 2873 t.
1300 2837 1319 2864 k
1350 2839 1422 2885 ἐφ’]
1447 2841 1481 2873 ἐν
1502 2841 1543 2874 Β.
1566 2840 1599 2873 iu
1630 2844 1728 2884 parte
1747 2850 1817 2873 rec·

304 2889 309 2910 ¹
331 2891 601 2937 ἐγκαταλείπειν]
627 2892 863 2937 ἐγκαταλιπεῖν
884 2893 956 2926 B.t.
1112 2898 1135 2912 ¹¹¹
1158 2896 1295 2927 τοιαῦτα
1317 2893 1361 2932 Q.
1383 2899 1418 2927 ct
1439 2898 1615 2928 correctus
1637 2893 1673 2927 S.
1715 2894 1820 2926 ταῦτα

302 2945 419 2989 vulgo.
546 2950 565 2968 ¹1
585 2944 708 2991 μικρῷ]
731 2945 850 2989 μικρὸν
872 2946 954 2980 RS.
1072 2952 1090 2970 0
1110 2946 1254 2992 μακρᾶς]
1278 2948 1396 2992 μικρᾶς
1416 2953 1440 2980 t.
1566 2952 1585 2979 P
1604 2945 1756 2991 ἀφήκατε
1778 2946 1819 2979 Β.

305 2997 390 3035 S.Q.
424 2998 622 3042 Legebatur
641 2997 814 3043 ἀφείκατε.
