2009 3286
271 214 383 256 1336
813 220 1241 257 ΔΗΜΟΣΘΕΝΟΎΣ
1365 217 1447 256 On.
1468 215 1616 256 LVII.
1642 231 1681 271 p.
1701 227 1821 269 1313,
1837 230 1914 253 s—

269 331 450 380 πολλαὶ
490 329 556 379 ᾖδ’
586 331 635 381 ἐκ
673 329 886 393 πενήτων
923 330 1153 381 πλούσιαι
1192 336 1290 381 νῦν.
1339 330 1449 380 ἀλλ’
1479 328 1647 396 ἱαύτίχ’
1677 327 1790 394 ὑπὲρ

269 412 462 464 τούτων.
520 419 602 465 νῦν
628 413 676 465 δὲ
702 413 809 467 τοὺς
834 413 1073 480 μάρτυρας
1100 413 1245 466 κάλει.

868 513 1190 554 ΜΑΡΤΎῬΕΣ.
1803 524 1841 546 ¹0

200 594 256 649 58
346 585 534 635 Οὐκοῦν
573 585 643 636 ὅτι
684 584 769 648 μὲν
807 588 882 635 καὶ
924 584 982 635 τὰ
1023 584 1141 651 πρὸς
1181 584 1357 652 μητρός
1395 588 1486 648 εἶμι
1527 583 1673 637 ἀστὸς
1715 585 1790 633 καὶ

267 667 327 719 τὰ
365 669 484 734 πρὸς
522 667 713 733 πατρὸς,
752 668 811 719 τὰ
851 668 936 731 μὲν
978 669 1034 737 ἐξ
1065 668 1130 720 ὧν
1172 670 1278 736 ἄρτι
1317 668 1666 734 μεμαρτύρηται
1699 691 1783 731 με-

267 752 508 816 μαθήκατε
539 752 724 815 πάντες,
764 751 823 803 τὰ
866 753 905 803 δ’
946 752 1003 820 ἐξ
1039 751 1104 803 ὧν
1145 753 1374 820 πρότερον
1409 752 1541 818 1“περὶ
1571 758 1655 802 τοῦ
1688 775 1782 803 πα-

267 836 391 902 τρός.
447 836 616 887 λοιπὸν
655 838 711 887 δέ
742 860 821 900 μοι
852 839 956 903 περὶ
994 835 1213 900 1ἐμαυτοῦ
1249 836 1368 903 πρὸς
1406 838 1523 900 ὑμᾶς
1559 840 1699 887 εἰπεῖν
1733 836 1787 886 τὸ

266 919 352 983 μὲν
395 920 746 981 ἁπλούστατον,
792 919 930 983 οἶμαι,
978 922 1053 971 καὶ
1097 919 1403 983 δικαιότατον,
1445 920 1541 989 [Πέξ
1581 919 1837 988 ἀμφοτέ-ῐὸ

266 1026 363 1069 ρων
399 1003 575 1055 ιὀἰστὸν
614 1005 727 1056 ὅντα
765 1011 859 1067 Ομε,
902 1004 1369 1071 ρκεκληρονομηκότα
1403 1006 1478 1055 καὶ
1509 1007 1591 1068 τῆς
1624 1005 1787 1056 οὐσίας

198 1104 252 1144 59
267 1090 343 1139 καὶ
394 1094 477 1139 τοῦ
533 1089 703 1154 γένους,
747 1087 861 1139 εἶναι
911 1089 1130 1153 πολίτην·
1184 1090 1237 1139 οὑ
1282 1088 1375 1152 μὴν
1426 1088 1557 1139 ἀλλὰ
1601 1091 1677 1139 καὶ
1726 1087 1787 1138 τὰ

264 1174 570 1238 προσήκοντα
614 1172 770 1224 πάντα
806 1173 1019 1241 ἐπιδείξω
1063 1171 1303 1238 μάρτυρας
1352 1169 1681 1239 παρεχόμενος,
1723 1173 1786 1224 ὡς

265 1256 494 1324 εἰσήχθην
519 1261 582 1311 εἷς
612 1257 719 1311 τοὺς
758 1257 1009 1325 φράτερας,
1036 1259 1098 1310 ὡς
1123 1255 1387 1323 ἐνεγράφην
1413 1259 1475 1309 εἷς
1499 1254 1605 1308 τοὺς
1632 1253 1780 1319 δημό-
1797 1274 1837 1296 ²0

264 1363 361 1401 τας,
389 1342 451 1393 ὡς
490 1342 567 1391 ὑπ’
596 1341 749 1391 αὐτῶν
775 1341 954 1391 τούτων
979 1341 1258 1406 προεκρίθην
1291 1341 1339 1390 ἐν
1370 1344 1466 1393 τοῖς
1504 1339 1780 1404 εὐγενεστά-

267 1446 362 1477 τοις
400 1428 695 1489 κληροῦσθαι
739 1427 821 1487 τῆς
861 1424 1116 1489 ἱερωσύνης
1152 1427 1218 1492 τῷ
1257 1423 1503 1489 Ἱ-Ιρακλεΐ,
1537 1425 1598 1476 ὡς
1637 1421 1784 1489 ἦρχον

266 1506 413 1574 ἀρχὰς
439 1509 754 1571 δοκιμασθείς.
795 1509 876 1558 καί
897 1531 975 1571 μοι
1002 1507 1135 1558 κάλει
1161 1506 1344 1560 αὐτούς.

866 1607 1188 1648 ΜΑΡΤΥΡΕΣ.

199 1685 252 1724 60
341 1680 529 1729 Οὐκοῦν
568 1679 730 1743 δεινὸν,
762 1677 799 1730 ὦ
830 1680 992 1746 ἄνδρες
1029 1680 1252 1730 δικασταί
1267 1701 1277 1740 ;
1319 1683 1355 1730 εἰ
1392 1678 1477 1742 μὲν
1511 1678 1685 1744 ε”λαχον
1717 1681 1778 1727 ἱε-

265 1762 382 1828 ρεὺς,
410 1762 572 1829 ὥσπερ
610 1765 906 1831 προεκρίθην,
934 1764 1021 1815 ἔδει
1047 1765 1104 1814 ἄν
1138 1787 1195 1827 με
1234 1766 1310 1815 καὶ
1342 1762 1483 1815 αὐτὸν
1509 1763 1634 1814 θύειν
1669 1761 1782 1829 ὑπὲρ
1798 1790 1835 1821 25

265 1846 443 1898 τούτων
470 1850 544 1898 καὶ
570 1854 736 1899 τοῦτον
761 1852 861 1911 μετ’
889 1849 1001 1910 ε’μοῦ
1027 1846 1260 1910 συνθύειν,
1288 1853 1370 1898 νῦν
1406 1845 1454 1897 δὲ
1485 1844 1592 1900 τοὺς
1620 1845 1786 1899 αὐτοὺς

267 1930 483 1984 ειτούτους
523 1931 601 1994 ἐμὲ
644 1936 746 1995 μεθ’
791 1934 945 1982 αὐτῶν
988 1932 1103 1996 μηδὲ
1142 1932 1361 1983 συνθύειν
1400 1933 1513 1993 ε’ᾶν;
1560 1931 1785 1999 φαίνομαι

266 2014 434 2077 τοίνυν,
461 2012 497 2064 ὦ
524 2015 686 2082 ἄνδρες
711 2017 968 2078 Ἀθηναῖοι,
995 2015 1077 2066 τὸν
1102 2015 1187 2079 μὲν
1218 2015 1373 2066 ἄλλον
1398 2013 1570 2082 χρόνον
1597 2012 1784 2064 ἅπαντα

265 2099 395 2164 παρὰ
420 2105 542 2150 πᾶσι
571 2105 666 2153 τοῖς
707 2106 788 2151 νῦν
823 2106 1140 2166 κατηγοροῦσι
1178 2101 1377 2163 πολίτης
1404 2097 1781 2163 ὡμολογημένος·

199 2190 245 2228 61
266 2184 319 2232 οὐ
344 2182 438 2249 γὰρ
465 2182 523 2234 ἂν
549 2184 699 2248 δήπου
723 2184 804 2235 τόν
829 2207 884 2248 γε
920 2184 1054 2252 ξένον
1080 2186 1155 2234 καὶ
1181 2185 1407 2248 μέτοικον,
1435 2185 1497 2236 ὡς
1525 2188 1606 2233 νῦν
1633 2184 1783 2249 φησὶν
1804 2202 1908 2244 ¹314

267 2267 575 2331 Εὐβουλίδης,
603 2269 696 2318 οὔτ’
726 2267 873 2334 ἀρχὰς
901 2268 1060 2334 ἄρχειν
1086 2269 1181 2318 οὔθ’
1208 2267 1465 2333 ἱερωσύνην
1491 2271 1785 2332 κληροῦσθαι

267 2352 366 2409 μεθ’
413 2353 577 2401 ἑαυτοῦ
618 2351 928 2417 προκριθέντα
974 2352 1119 2402 εἴασε·
1161 2353 1236 2401 καὶ
1276 2350 1370 2416 γὰρ
1415 2351 1547 2404 οὗτος
1589 2349 1646 2413 ἦν
1689 2355 1783 2400 τῶν

265 2434 594 2499 κληρουμένων
632 2436 706 2484 καὶ
746 2434 1104 2499 προκριθέντων.
1161 2435 1272 2484 οὐδέ
1309 2435 1372 2499 Υ’γ’
1422 2432 1493 2495 ἂν,
1540 2431 1577 2483 ὦ
1617 2434 1810 2499 ἄνδρες5

264 2518 518 2580 Ἀθηναῖοι,
546 2518 749 2570 παλαιὸς
774 2517 838 2567 ὧν
863 2518 1027 2583 ἐχθρὸς
1065 2520 1164 2581 ἐμοὶ
1199 2524 1366 2568 τοῦτον
1399 2517 1482 2568 τὸν
1508 2517 1667 2584 καιρὸν
1692 2541 1778 2569 πε-

265 2600 482 2664 ριέμενεν,
509 2599 562 2650 ὃν
588 2601 733 2653 οὐδεὶς
766 2598 862 2666 ᾔδει
896 2599 1224 2664 γενησόμενον,
1252 2601 1378 2666 εἴπερ
1404 2624 1448 2651 τι
1474 2601 1663 2668 συνῄδει
1689 2624 1783 2651 τοι-

200 2694 250 2733 62
266 2689 416 2733 οῦτον.
460 2685 569 2733 ἀλλ’
611 2685 663 2733 ού
702 2684 910 2748 συνῄδει·
952 2683 1112 2750 διόπερ
1152 2683 1234 2735 τὸν
1276 2684 1361 2748 μὲν
1406 2686 1560 2735 ἄλλον
1599 2685 1784 2736 ἅπαντα

321 2858 339 2883 h
373 2860 401 2892 δ’
418 2874 486 2894 om.
509 2862 554 2899 Q.
687 2859 694 2885 i
717 2860 843 2906 αὐτίχ’]
867 2863 981 2895 αὐτίκα
1004 2864 1038 2896 S.
1165 2860 1183 2887 k
1203 2863 1297 2909 περὶ]
1323 2864 1412 2909 παρὰ
1434 2876 1460 2897 r.
1586 2861 1595 2888 l
1615 2864 1778 2909 ἐμαυτοῦ]

267 2914 369 2946 αὐτοῦ
390 2915 461 2948 Am.
558 2921 586 2938 ¹¹¹
609 2914 661 2959 ἐξ]
685 2915 724 2948 τὸ
745 2915 782 2958 ἐξ
802 2916 871 2948 As.
972 2921 989 2939 ¹¹
1011 2916 1117 2948 ἀστὸν
1137 2917 1285 2950 codices.
1315 2917 1430 2950 ἀστῶν
1451 2917 1503 2951 ed.
1525 2918 1603 2950 ΑΜ.
1704 2923 1722 2941 0
1741 2932 1781 2960 με

268 2978 335 2999 om.
357 2968 431 3001 Λ.1“.
546 2974 563 3000 1)
585 2968 695 3013 κεκλ.]
720 2969 772 3001 καὶ
793 2970 882 3002 κεκλ.
904 2970 946 3003 Α.
1070 2974 1087 3001 ‘1
1109 2968 1248 3004 τούτους
1268 2982 1337 3003 om.
1359 2971 1431 3004 A.1·.
1552 2976 1567 2994 1'
1585 2969 1616 3015 γ’
1636 2970 1692 3016 ι’ίν]
1717 2971 1782 3015 γὰρ

267 3020 336 3052 Α.ι·.
