2009 3286
67 219 249 267 —1160‚
271 234 321 258 11.
485 221 628 258 ΚΑΤΑ
662 221 842 258 ΕΎΕΡΓ.
875 221 966 258 ΚΑΙ
1000 221 1228 258 ΜΝΗΣΙΒ.
1262 220 1421 258 ΨΕὙΔ.
1603 218 1713 258 1185

189 329 338 382 πάλιν
376 331 550 398 οἴχεται
590 332 797 398 Εὔεργος
835 330 894 382 τὰ
933 330 1218 382 ωὑπόλοιπα
1256 329 1404 393 σκεύη
1440 330 1766 399 ἐκφορήσας10

126 425 175 479 83
192 416 242 465 ἐκ
279 417 362 477 τῆς
400 415 557 467 οἰκίας·
603 413 722 480 πρὸς
768 412 821 464 ὃν
866 413 998 464 οὐδέν
1042 435 1121 476 μοι
1164 417 1363 478 πρᾶγμα
1401 412 1472 476 ἧν.
1532 415 1594 466 ὡς
1632 414 1714 463 οὖν

192 500 347 562 ἀληθῆ
387 497 530 563 λέγω,
570 500 645 549 καὶ
692 497 763 548 ὅτι
807 500 866 565 τῇ
911 496 995 559 μὲν
1033 497 1288 565 προτεραίᾳ
1326 496 1588 564 εἰλήφεσάν
1624 520 1715 560 μου

190 580 250 632 τὰ
282 581 486 649 ἐνέχυρα,
514 587 571 650 τῇ
605 583 642 632 δ’
673 581 896 650 ὑστεραίᾳ
931 581 1212 644 ἐκομίσαντο
1251 579 1305 631 τὸ
1341 580 1564 647 ἀργύριον
1600 586 1713 647 παρ’

190 666 302 728 ἐμοῦ
332 665 501 729 (καίτοι
535 670 637 719 πῶς
668 663 739 727 ἀν,
767 669 803 715 εὶ
833 664 898 729 μὴ
923 664 1271 730 πεπορισμένον
1297 687 1346 714 τε
1372 663 1430 728 ἧν
1455 666 1531 714 καὶ
1562 666 1709 730 ἐπηγ-
1732 682 1766 714 ¹5

191 748 377 815 γε’λκειν
397 750 566 813 αὐτοῖς,
587 748 720 802 εὐθὺς
747 747 804 799 ἂν
825 749 1071 810 ἀπέλαβον
1089 754 1123 818 3)
1159 750 1261 799 ῐ1καὶ
1283 747 1431 799 πάλιν
1452 748 1716 815 αὐθημερὸν

191 833 587 897 εἷσεληλύθεισαν
622 837 684 887 εἷς
717 832 804 896 τὴν
839 833 986 883 οὶκίαν
1019 833 1278 885 ἐκτίνοντος
1314 831 1399 896 τὴν
1430 831 1574 895 δίκην,
1602 831 1709 881 τού-

191 939 286 967 των
313 918 419 981 ὑμῖν
446 916 773 982 ἀναγνώσεται
798 915 882 970 τὰς
906 915 1176 982 μαρτυρίας.

798 1016 1126 1056 ΜΑΡΤΥΡῙΑΙ.

127 1096 180 1146 84
269 1088 462 1152 Ἐπειδὴ
495 1090 664 1150 τοίνυν,
692 1085 728 1137 ὦ
763 1087 926 1153 ἄνδρες
960 1090 1192 1149 δικασταὶ,
1223 1086 1593 1152 ἐπαγγείλαντός
1626 1109 1716 1150 μου
1730 1107 1771 1128 20

193 1174 318 1242 αὐτῷ
352 1172 621 1238 θεραπεύειν
653 1171 739 1235 τὴν
766 1172 1015 1237 ἄνθρωπον
1041 1170 1098 1234 ἣν
1124 1171 1400 1239 συνέκοψαν
1427 1173 1502 1221 καὶ
1529 1170 1717 1237 Οἰατρὸν

192 1256 399 1322 εἰσάγειν
434 1257 516 1306 οὐκ
551 1255 872 1322 Ρέφρόντιζον,
899 1254 991 1320 ἐγὼ
1024 1254 1162 1309 αὐτὸς
1193 1254 1453 1320 εἰσήγαγον
1487 1255 1646 1321 ἰατρὸν
1680 1253 1717 1325 ᾧ

192 1339 358 1390 πολλὰ
397 1339 475 1402 ε”τη
514 1338 742 1405 ἐχρώμην,
781 1336 830 1392 ὃς
869 1337 1142 1403 ἐθεράπευεν
1177 1338 1321 1402 αὐτὴν
1357 1341 1716 1404 ἀρρωστοῦσαν,

127 1431 178 1484 85
193 1425 269 1474 καὶ
308 1422 519 1491 ἐπέδειξα
563 1425 624 1475 ὡς
666 1420 800 1489 εἶχεν,
841 1422 1148 1488 ᾳεὶσαγαγὼν
1191 1423 1443 1489 μάρτυρας.
1510 1422 1717 1476 ἀκούσας
1732 1442 1768 1474 25

193 1507 241 1559 δὲ
267 1513 350 1559 τοῦ
375 1512 534 1573 ἰατροῦ
584 1506 654 1557 ὅτι
681 1506 813 1557 οὐδὲν
839 1508 904 1558 ἔτι
930 1507 997 1572 ε’ίη
1024 1508 1051 1570 ἡ
1079 1508 1339 1573 ἄνθρωπος,
1365 1507 1513 1558 πάλιν
1538 1507 1719 1574 ἑτέρους

193 1591 432 1658 μάρτυρας
469 1590 767 1658 παραλαβών
803 1590 888 1655 τήν
920 1614 968 1641 τε
1004 1591 1254 1658 ἄνθρωπον
1286 1590 1498 1660 ἐπέδειξα
1530 1594 1591 1644 ὡς
1626 1589 1719 1658 εἶχε

193 1678 269 1726 καὶ
320 1677 581 1741 ἐπήγγειλα
631 1675 813 1730 τούτοις
863 1676 1144 1742 θεραπεύειν.
1209 1677 1317 1744 ἕκτῃ
1367 1677 1522 1727 τοίνυν
1572 1676 1720 1744 ἡμέρᾳ

195 1761 393 1826 ὕστερον
431 1758 459 1823 ἢ
500 1759 625 1810 οὗτοι
669 1764 896 1824 εἰσῆλθον
938 1764 1000 1814 εἷς
1038 1760 1124 1824 τὴν
1163 1762 1310 1811 οὶκίαν
1348 1760 1652 1825 ἐτελεύτησεν
1690 1761 1844 1825 ἡιΙὸο

193 1843 344 1907 τιτθή.
401 1845 462 1896 ὡς
494 1842 542 1894 δὲ
574 1845 731 1908 ἀληθῆ
764 1850 943 1895 Ξταῦτα
975 1844 1115 1910 λέγω,
1143 1844 1323 1895 τούτων
1359 1846 1466 1908 ὑμῖν
1499 1845 1715 1910 ἀναγνώ-

193 1950 327 1978 σεται
352 1926 436 1981 τὰς
461 1928 735 1994 μαρτυρίας.

793 2018 1119 2058 MAPTTPIAI.

128 2104 180 2143 86
270 2098 463 2162 Ἐπειδὴ
501 2099 656 2148 τοίνυν
689 2098 1007 2162 ἐτελεύτησεν,
1039 2098 1190 2162 ἦλθον
1228 2101 1289 2151 ὡς
1327 2097 1434 2150 τοὺς
1472 2097 1717 2165 ἐξηγητὰς,

193 2181 267 2231 ἵνα
304 2182 468 2245 εἰδείην
499 2181 523 2231 ὅ
557 2205 599 2231 τι
630 2205 687 2244 με
720 2180 812 2248 χρὴ
838 2187 986 2232 ποιεῖν
1018 2183 1123 2247 περὶ
1158 2180 1349 2242 τούτων,
1377 2183 1452 2230 καὶ
1479 2179 1711 2244 διηγησά-
1730 2203 1747 2232 5

192 2289 286 2329 μην
313 2267 466 2319 αὐτοῖς
493 2264 679 2316 ἅπαντα
705 2265 764 2316 τὰ
791 2264 1060 2331 ἴγενόμενα,
1086 2265 1171 2329 τήν
1204 2287 1252 2315 τε
1284 2264 1449 2332 ἄφιξιν
1484 2263 1570 2328 τὴν
1602 2264 1711 2314 τού-

192 2371 287 2399 των
316 2352 391 2398 καὶ
426 2348 511 2412 τὴν
545 2350 725 2399 εὔνοιαν
755 2352 837 2412 τῆς
864 2348 1128 2414 ἀνθρώπου,
1156 2350 1231 2399 καὶ
1258 2351 1319 2401 ὡς
1346 2346 1471 2414 εἶχον
1498 2348 1642 2411 αὐτὴν
1668 2349 1717 2397 ἐν

193 2436 252 2499 τῇ
287 2433 419 2500 οἰκίᾳ,
453 2435 528 2482 καὶ
565 2435 626 2485 ὡς
662 2432 737 2483 διὰ
774 2431 827 2482 τὸ
868 2432 1081 2495 κυμβίον,
1114 2433 1196 2483 οὐκ
1229 2439 1249 2458 ¹¹
1266 2434 1459 2500 ἀφεῖσα,
1490 2430 1711 2494 τελευτή-

129 2522 179 2574 87
195 2539 333 2567 σειεν.
386 2515 673 2569 ἀκούσαντες
708 2516 763 2567 δέ
795 2539 885 2579 μου
920 2520 962 2567 οἱ
999 2516 1224 2584 ἐξηγηταὶ
1264 2522 1423 2577 ταῦτα,
1456 2514 1625 2581 ἤροντό
1659 2538 1716 2578 με
1734 2538 1771 2558 10

195 2597 429 2663 Χπότερον
464 2598 826 2666 Υέξηγήσωνταί
860 2622 939 2662 μοι
977 2598 1122 2662 μόνον
1157 2598 1186 2663 ἦ
1220 2603 1295 2649 καὶ
1333 2598 1713 2662 συμβουλεύσω-

250 2753 278 2771 ¹¹¹
300 2747 487 2793 ὑπόλοιπα]
514 2747 685 2780 ὑπόλοιπά
705 2761 769 2790 μου
792 2746 879 2785 F.Q.
1014 2752 1032 2769 Π
1054 2747 1107 2779 καὶ
1126 2745 1347 2787 πάλιν--τὴν
1366 2743 1476 2788 δίκην]
1504 2743 1590 2776 IIaec
1610 2743 1716 2788 vulgo

195 2806 274 2845 post
294 2801 335 2833 τὰ
356 2800 497 2845 ἐνέχυρα
517 2801 607 2833 lecta
627 2801 694 2833 huc
715 2800 932 2844 transposuit
953 2799 1128 2832 Reiskius.
1322 2803 1340 2821 0
1361 2796 1492 2841 ἰατρὸν]
1519 2796 1653 2839 ἰατροὺς
1674 2796 1713 2830 F.

195 2859 214 2886 P
235 2852 451 2898 ἐφρόντιζον]
477 2853 673 2897 ἐφρόντιζεν
696 2854 870 2886 Reiskius.
956 2860 974 2887 (l
995 2851 1206 2897 εἰσαγαγὼν]
1231 2851 1368 2895 ἀγαγὼν
1390 2850 1428 2883 F.
1510 2854 1524 2872 ¹⁴
1544 2848 1596 2881 ὅτι
1617 2849 1716 2881 οὐδὲν

194 2906 260 2951 ἔτι]
287 2906 338 2939 ὅτι
358 2904 516 2949 ἀσθενοίη
536 2907 589 2939 καὶ
608 2906 704 2939 οὐδέν
724 2907 833 2939 οὐκέτι
856 2906 944 2943 RQ.
1054 2910 1067 2929 S
1088 2907 1194 2938 ταῦτα
1214 2916 1283 2938 om.
1307 2903 1390 2941 F.Q-
1497 2899 1510 2925 t
1530 2901 1710 2946 γενόμενα]

193 2976 397 3019 γεγενημένα
418 2975 503 3013 RQ.
579 2981 598 2999 υ
619 2974 765 3019 ἀφεῖσα]
791 2974 934 3019 ἀφιεῖσα
956 2974 1045 3012 RQ.
1124 2979 1142 2998 Χ
1163 2971 1325 3017 πότερον]
1349 2964 1494 3016 ποτερῧν
1516 2970 1558 3003 Β.
1588 2971 1716 3014 πότερα

193 3027 237 3065 Q.
349 3034 366 3061 Y
387 3027 637 3073 ἐξηγήσωνταί]
663 3027 888 3073 ἐξηγήσονται
910 3026 993 3065 S.Q.
