2009 3286
274 183 387 224 1502
801 188 1266 244 [ΔΗΜΟΣΘΕΝΟΎΣ]
1364 190 1519 230 ΕΡΙεΤ.
1540 190 1632 231 111.
1654 205 1696 246 p.
1718 189 1839 243 1478,
1855 205 1954 230 21—-

276 296 431 351 θέντες
465 300 519 349 οὐ
552 299 698 364 μόνον
733 302 815 352 οὐκ
846 300 1090 365 1ἐδέδεντο,
1124 302 1254 353 ἀλλὰ
1286 305 1362 354 καὶ
1395 302 1729 370 ἐδημηγόρουν,
1756 304 1806 354 τί

211 397 257 437 17
276 380 446 446 δήποτε
481 385 569 452 οὐχ
600 385 721 451 ἑώρα
758 385 818 436 τὰ
854 386 1008 437 δίκαια
1042 393 1203 440 ταῦτα.
1256 392 1294 438 εὶ
1330 387 1378 438 δὲ
1416 386 1482 452 μὴ
1519 387 1666 455 φήσει
1702 386 1799 438 τότ’

276 466 448 533 ἄρχειν,
489 469 592 520 οὐδὲ
631 469 787 535 λέγειν
826 470 876 520 ἔκ
915 478 1017 535 1ῃῦγε
1060 476 1154 522 τῶν
1193 470 1348 535 νόμων
1388 472 1513 541 αὐτῷ
1550 470 1797 537 προσήκει.

275 550 401 602 ὥστε
433 557 534 606 πῶς
569 553 677 604 ἴσον
712 555 815 605 ἐστὶ
851 563 870 582 ¹¹
887 554 994 608 τοὺς
1031 554 1117 618 μὲν
1152 555 1325 623 ἄρχειν,
1362 555 1429 609 οἷς
1462 554 1610 620 ομηδὲ
1645 555 1802 621 λέγειν

275 634 447 704 ἔξεστι,
473 637 616 691 Probe
643 638 692 689 δὲ
719 638 950 701 δεδέσθαι,
978 636 1044 688 ὧν
1078 638 1243 690 πολλὰ
1274 641 1509 706 χρήσιμος
1540 638 1598 704 ἦν
1633 641 1740 703 ὑμῖν
1775 641 1852 691 (325

273 719 461 786 πατήρ;
508 721 598 786 ἐγὼ
633 721 753 785 (Ὶμὲν
790 723 873 772 οὐκ
907 725 999 789 ἔχω
1039 725 1453 789 συλλογίσασθαι,
1487 728 1524 775 εἷ
1562 723 1626 788 μὴ
1661 729 1802 775 τοῦτο

212 804 422 872 18δεῖξαι
459 806 667 875 δημοσίᾳ
704 806 955 869 βούλεσθε,
996 806 1066 858 ὅτι
1103 808 1331 874 βδελυρία
1368 811 1445 859 καὶ
1482 809 1688 859 ἀναίδεια
1724 809 1802 859 καὶ

273 891 546 956 προαίρεσις
584 892 810 958 πονηρίας
849 893 896 942 ἐν
933 895 992 959 τῇ
1030 892 1169 943 πόλει
1206 891 1359 960 ἰσχύει
1400 894 1474 943 καὶ
1511 895 1801 956 διασωθῆναι

272 976 423 1026 πλείω
458 977 752 1042 προσδοκίαν
784 976 890 1044 ἔχει,
923 977 1011 1028 κᾶν
1043 1001 1088 1028 τι
1122 982 1290 1045 συμβῇ
1321 975 1535 1044 χαλεπὸν
1565 981 1661 1030 τοῖς
1696 999 1796 1028 τοι·
1818 991 1925 1034 1479

274 1058 438 1121 ου’τοις,
477 1058 713 1113 ἀπόλυσις
751 1061 972 1126 γίγνεται,
1012 1063 1061 1112 ἐν
1099 1060 1148 1112 δὲ
1189 1060 1460 1128 προαιρέσει
1497 1064 1687 1127 χρηστῇ
1725 1062 1802 1112 καὶ

272 1143 364 1211 βίῳ
391 1142 609 1211 σώφρονι
635 1146 711 1196 καὶ
738 1146 973 1215 δημοτικῷ
998 1146 1291 1212 προελέσθαι
1316 1145 1402 1212 ζῆν
1428 1144 1694 1213 σφαλερὸν,
1714 1145 1802 1196 κᾶν

273 1249 319 1276 τι
344 1227 533 1292 γένηται
559 1232 794 1292 πταῖσμα,
823 1229 1035 1298 ἄφυκτον
1062 1228 1213 1280 ἔσται.

212 1325 261 1365 Ι9
340 1308 453 1362 ’Έτι
479 1312 635 1363 τοίνυν
661 1312 715 1364 τὸ
742 1313 828 1376 μὲν
853 1313 918 1378 μὴ
945 1315 1122 1365 δίκαιον
1152 1312 1266 1364 εἶναι
1299 1312 1385 1377 τὴν
1416 1313 1628 1364 ἐναντίαν
1654 1310 1830 1382 δόξαν5

274 1395 396 1462 ἔχειν
423 1395 476 1460 ri)
503 1396 561 1461 ἣν
587 1400 693 1464 περὶ
720 1398 890 1464 ζῶντος
917 1398 1049 1466 εἴχετ’
1078 1398 1265 1459 ἐκείνου,
1292 1399 1367 1449 καὶ
1392 1397 1446 1448 τὸ
1472 1401 1567 1449 τῶν
1593 1404 1802 1449 τετελευ-

274 1479 484 1544 τηκότων
516 1479 544 1545 ἢ
577 1486 671 1533 τῶν
705 1483 954 1549 παρόντων
988 1483 1138 1534 πλείω
1174 1485 1411 1534 ποιεῖσθαι
1444 1480 1593 1548 λόγον
1627 1483 1804 1534 δίκαιον

275 1561 402 1626 εἶναι,
445 1566 521 1615 καὶ
564 1564 719 1616 πάντα
763 1565 823 1616 τὰ
866 1571 1072 1626 τοιαῦτα,
1113 1564 1256 1616 ἐάσω·
1310 1564 1440 1632 παρὰ
1486 1565 1610 1633 Ξγόιρ
1654 1570 1804 1617 πᾶσιν

275 1648 616 1713 ὁμολογεῖσθαι
667 1655 814 1700 ταῦτα
866 1651 1121 1718 ὑπείληφα·
1184 1649 1316 1703 ὅσοις
1366 1649 1524 1712 μέντοι
1572 1648 1802 1716 πατρικὰς

276 1731 544 1797 εὐεργεσίας
579 1733 1027 1798 ἀπεμνημονεύσατε
1061 1737 1156 1783 τῶν
1190 1732 1369 1795 ἄλλων,
1398 1731 1540 1796 ἡδέως
1570 1731 1627 1783 ἂν
1660 1732 1801 1796 ’ίδοιμι
1816 1754 1855 1776 10

276 1816 394 1878 ὑμᾶς
427 1816 857 1881 ῒάναμνησθέντας,
890 1816 987 1868 οἷον
1022 1821 1118 1870 τοῖς
1150 1818 1448 1883 Ἀριστείδου
1483 1819 1559 1867 καὶ
1595 1820 1796 1882 Θρασυ-

275 1898 456 1959 βούλου
487 1903 563 1951 καὶ
593 1906 689 1955 τοῖς
714 1902 975 1970 u’Alevov
1007 1903 1084 1952 καὶ
1109 1906 1312 1953 πολλῶν
1337 1902 1505 1968 ἑτέρων
1531 1901 1798 1967 ἀπογόνοις.

210 2004 264 2033 20
277 1984 363 2051 οὐχ
389 1987 451 2038 ὡς
478 1987 701 2049 ἐπιτιμῶν
728 1985 777 2037 δὲ
804 1992 950 2037 ταῦτα
975 1985 1265 2053 παρήνεγκα.
1307 1984 1540 2037 τοσούτου
1565 1984 1687 2052 Χγδιρ
1715 1985 1803 2036 δέω

275 2074 414 2119 τοῦτο
447 2074 608 2133 ποιεῖν,
642 2069 767 2121 ὥστε
801 2072 1062 2141 συμφέρειν
1097 2070 1315 2135 μάλιστα
1350 2075 1408 2138 τῇ
1441 2069 1579 2122 πόλει
1611 2069 1670 2121 τὰ
1700 2092 1797 2121 τοι-

277 2158 396 2203 αῦτα
431 2154 587 2219 κρίνω·
630 2160 982 2221 Υπροκαλεῖσθε
1014 2155 1107 2223 γὰρ
1139 2155 1319 2209 πάντας
1356 2157 1405 2206 ἐκ
1439 2154 1618 2206 τούτων
1650 2157 1794 2218 δημο-

276 2236 429 2290 τικοὺς
455 2235 582 2301 εἶναι,
611 2229 818 2305 ὁρῶντας
852 2239 922 2290 ὅτι
958 2238 1044 2290 κᾶν
1073 2242 1122 2291 ἐν
1147 2244 1214 2309 τῷ
1240 2241 1340 2290 καθ’
1371 2239 1560 2292 ἑαυτοὺς
1585 2240 1676 2308 βίῳ
1702 2243 1802 2293 ταῖς
1818 2261 1854 2292 ¹5

277 2320 633 2386 προσηκούσαις
679 2323 832 2373 αὐτῶν
874 2328 1029 2387 τιμαῖς
1074 2324 1098 2373 ὁ
1138 2323 1315 2391 φθόνος
1361 2325 1574 2389 ἀντιστῇ,
1614 2328 1710 2377 τοῖς
1749 2346 1803 2389 γε

278 2406 445 2455 παισὶν
486 2405 681 2474 ὑπάρξει
723 2405 782 2456 τὰ
819 2406 1126 2472 προσήκοντα
1167 2408 1276 2474 παρ’
1319 2409 1448 2469 ὑμῶν
1487 2407 1797 2470 κομίσασθαι.

214 2510 262 2539 21
278 2491 379 2540 πῶς
419 2489 500 2538 οὖν
538 2490 620 2539 οὐκ
660 2490 849 2552 ἄτοπον,
889 2495 1080 2554 μᾶλλον
1119 2491 1167 2542 δὲ
1205 2493 1282 2542 καὶ
1325 2490 1540 2558 αἰσχρὸν,
1579 2495 1673 2541 τῶν
1717 2489 1802 2554 μὲν

280 2572 446 2622 ἄλλων
473 2576 585 2635 τισὶ,
612 2575 687 2623 καὶ
716 2578 934 2624 παλαιῶν
960 2574 1107 2625 ὄντων
1132 2580 1226 2626 τῶν
1251 2575 1436 2643 χρόνων
1463 2576 1564 2626 καθ’
1593 2574 1671 2628 οὓς·
1696 2574 1796 2640 ἐγέ-

336 2704 346 2731 Ῑ
365 2706 535 2753 ἐδέδεντο]
561 2707 715 2741 ἐδέδοντο
735 2708 779 2746 Q.
887 2714 915 2733 ¹1¹
935 2723 974 2754 γε
996 2721 1117 2755 mal-go
1138 2711 1192 2744 ed.
1212 2710 1322 2745 Paris.
1353 2725 1389 2744 τε
1410 2710 1501 2744 libri.
1606 2713 1621 2729 ¹¹
1644 2709 1722 2745 τοὺς
1740 2709 1803 2753 μὲν

280 2771 350 2794 om.
371 2775 425 2806 γρ.
444 2760 487 2799 Q.
560 2766 578 2785 0
597 2761 680 2804 μηδὲ
700 2762 813 2807 λέγειν
833 2762 966 2807 ἔξεστι]
991 2763 1035 2806 μὴ
1056 2764 1171 2807 ἔξεστι
1191 2778 1247 2810 γρ.
1266 2764 1311 2802 Q.
1388 2770 1406 2797 P
1426 2763 1505 2798 τοὺς
1524 2762 1578 2808 δέ]
1604 2776 1670 2795 ουσ
1688 2775 1742 2808 pr.
1762 2763 1798 2797 S.

280 2812 422 2848 τούτους
442 2814 478 2847 δέ
498 2820 674 2848 correctus
696 2814 731 2849 S.
826 2821 845 2848 (1
865 2814 942 2860 μὲν]
965 2817 1027 2859 μὲν
1046 2815 1105 2850 οὖν
1127 2818 1161 2851 S.
1260 2823 1275 2842 Γ
1295 2817 1313 2860 ἢ
1334 2816 1373 2861 ἣν
1392 2817 1469 2861 περὶ
1491 2816 1666 2851 Reiskius.
1696 2816 1801 2861 ἥνπερ

280 2866 370 2900 libri.
399 2863 421 2910 ᾗ
439 2868 516 2912 περὶ
530 2868 692 2902 XVolfius.
770 2873 784 2892 S
805 2869 870 2914 γὰρ
891 2880 960 2903 om.
977 2874 1002 2903 t.
1078 2871 1091 2896 t
1110 2869 1599 2915 ἀναμνησθέντας-Ἀρχίνου
1619 2869 1737 2903 addita
1757 2881 1800 2903 ex

282 2919 367 2958 S.Q.
445 2926 465 2945 ¹¹-
483 2919 659 2966 ’Λρχίνου]
683 2935 839 2967 αρχεινου
861 2922 898 2957 S.
983 2927 1000 2946 Χ
1022 2923 1087 2968 γὰρ
1108 2936 1177 2958 om.
1198 2929 1223 2959 t.
1308 2930 1327 2957 Y
1347 2921 1593 2969 προκαλεῖσθε]
1617 2923 1798 2968 προκαλεῖ-

282 2972 362 3005 σθαι
381 2978 406 3007 t.
429 2978 463 3007 et
483 2986 533 3018 pr.
558 2975 593 3008 S.
