2009 3286
86 251 272 293 ——1313‚
290 255 320 283 7.
698 242 841 280 ΠΡΟΣ
875 241 1251 279 ΕΎΒΟὙΛΙΔΗΝ.
1629 237 1739 275 1335

214 352 390 419 γατερα
428 353 600 407 ἐκδούς·
641 352 691 406 ὃς
732 354 808 403 καὶ
843 351 1181 415 τετελευτηκὼς
1224 350 1348 413 ὅμως
1384 355 1611 415 μαρτυρεῖ
1645 355 1741 403 τοῖς

145 449 200 494 53
215 436 368 503 ε”ργοις
412 437 566 500 ἀστὴν
609 437 783 500 ταύτην
828 438 903 486 καὶ
949 439 1138 486 πολῖτιν
1181 433 1309 485 εἶναι.
1378 437 1439 488 ὡς
1484 435 1565 484 οὖν
1610 435 1736 484 ταῦτ’

213 523 368 584 ἀληθῆ
409 520 549 586 λέγω,
582 520 715 571 κάλει
752 543 831 584 μοι
866 524 1056 586 πρῶτον
1086 518 1171 579 μὲν
1207 517 1313 571 τοὺς
1347 523 1430 568 τοῦ
1470 516 1733 583 Πρωτομά-
1756 540 1793 560 10

212 627 300 672 χου
345 607 464 666 υἱεῖς,
506 604 665 656 ἔπειτα
705 603 813 657 τοὺς
858 604 1138 672 ἐγγυωμένῳ
1188 601 1426 668 παρόντας
1478 607 1544 671 τῷ
1594 604 1738 667 πατρὶ

214 690 290 740 καὶ
322 693 417 738 τῶν
453 688 701 757 φρατέρων
735 687 843 741 τοὺς
881 689 1085 749 οἰκείους,
1113 686 1180 741 οἷς
1218 687 1304 750 τὴν
1327 687 1569 752 γαμηλίαν
1602 688 1732 749 εἰσή-

216 795 376 838 νεγκεν
415 771 530 838 ὑπὲρ
565 775 647 835 τῆς
680 770 856 838 μητρὸς
897 773 921 821 ὁ
956 771 1126 837 πατὴρ,
1163 769 1260 821 εἶτα
1301 772 1500 821 Εὔνικον
1537 773 1733 835 Χολαρ-

214 856 300 922 γέα
334 856 443 907 Υτὸν
467 856 553 920 τὴν
577 856 793 924 ἀδελφὴν
819 855 1034 917 λαβόντα
1069 855 1155 919 τὴν
1182 853 1297 919 ἐμὴν
1322 854 1452 921 παρὰ
1479 859 1561 905 τοῦ
1590 858 1736 920 Πρω·
1757 875 1790 905 15

215 940 439 1009 τομάχου,
468 939 565 992 εἶτα
590 940 672 992 τὸν
700 940 799 992 υἱὸν
824 943 906 1004 τῆς
934 942 1160 1006 ἀδελφῆς.
1206 938 1339 989 κάλει
1365 939 1570 991 τούτους.

815 1040 1139 1081 ΜΑΡΤΥΡΕΣ.

147 1135 204 1177 54
292 1116 406 1167 Πῶς
441 1114 523 1163 οὖν
554 1114 637 1164 οὐκ
674 1112 731 1164 ἂν
755 1114 1046 1178 οἰκτρότατα,
1076 1110 1113 1162 ῶ
1139 1112 1301 1177 ἄνδρες
1331 1115 1587 1175 Ἀθηναῖοι,
1614 1110 1736 1161 πάν-

215 1220 310 1247 των
336 1195 428 1263 ἐγὼ
454 1197 700 1250 πεπονθὼς
727 1196 837 1261 εἵην,
864 1201 901 1247 εἱ
927 1201 1022 1247 τῶν
1048 1200 1297 1262 συγγενῶν
1323 1194 1472 1246 ὄντων
1499 1194 1742 1245 τοσούτων

216 1283 437 1331 Ζτουτωνὶ
472 1283 547 1331 καὶ
573 1280 938 1347 μαρτυρούντων
970 1282 1044 1330 καὶ
1080 1277 1398 1343 διομνυμένων
1423 1281 1523 1342 ἐμοὶ
1549 1279 1736 1345 προσή-
1756 1308 1797 1328 ‘20

219 1386 327 1426 κειν,
349 1365 508 1428 μηδεὶς
540 1366 703 1428 μηδενὶ
737 1364 915 1414 τούτων
942 1366 1265 1431 ἀμφισβητῶν
1301 1366 1363 1416 ὡς
1402 1364 1484 1413 οὐκ
1523 1365 1613 1413 εἶσὶ
1650 1386 1740 1414 πο-

149 1460 204 1503 55
219 1453 359 1510 λῖται,
405 1447 484 1512 ἐμὲ
526 1448 837 1517 ἱὶψηφίσαιτο
884 1445 999 1498 εἶναι
1043 1447 1212 1516 ξένον,
1278 1446 1402 1509 λαβὲ
1444 1446 1500 1511 δή
1544 1469 1623 1510 μοι
1669 1449 1744 1497 καὶ

1274 1532 1443 1584 ὺαύτοῦ
1470 1534 1742 1599 μαρτυρίαν·

217 1534 303 1597 τὴν
328 1539 411 1585 τοῦ
441 1535 662 1584 Κλεινίου
680 1535 756 1583 καὶ
777 1532 863 1597 τὴν
888 1537 982 1583 τῶν
1004 1538 1253 1598 συγγενῶν

219 1617 261 1669 οἳ
300 1618 438 1669 ’ίσασι
478 1616 629 1681 δήπου
667 1618 736 1670 τίς
774 1617 897 1668 οὖσά
937 1640 1051 1668 ποτε
1093 1617 1121 1680 ἡ
1163 1616 1250 1681 ἐμὴ
1283 1616 1439 1683 μήτηρ
1480 1619 1745 1668 ἐτίτθευσεν

218 1700 374 1753 αὐτόν.
431 1702 484 1752 οὐ
529 1701 624 1768 γὰρ
664 1699 695 1751 ἃ
735 1700 937 1768 τήμερον
979 1703 1107 1765 ἡμεῖς
1160 1701 1316 1770 φαμὲν
1358 1704 1549 1768 εὔορκον
1590 1703 1794 1758 αὐτοῖςε5

219 1791 483 1852 μαρτυρεῖν,
520 1787 655 1836 οάλλ’
694 1782 724 1835 ἃ
761 1784 918 1836 πάντα
956 1785 1038 1836 τὸν
1072 1785 1242 1853 χρόνον
1276 1784 1455 1853 ᾔδεσαν
1492 1785 1603 1850 (ὶτὴν
1635 1787 1746 1851 ἡμε-

151 1885 207 1938 56
220 1872 359 1937 τέραν
385 1869 470 1933 μὲν
494 1870 685 1936 μητέρα,
712 1868 874 1933 τιτθὴν
900 1868 949 1919 δὲ
976 1870 1143 1920 τούτου
1180 1870 1494 1936 νομιζομένην.
1549 1872 1624 1921 καὶ
1651 1870 1745 1936 γὰρ

221 1958 258 2004 εἰ
289 1954 508 2006 ταπεινὸν
546 1955 574 2018 ἡ
614 1954 761 2018 τιτθὴ,
801 1953 886 2018 τὴν
919 1954 1146 2017 ἀλήθειαν
1177 1956 1230 2005 οὐ
1266 1954 1444 2023 φεύγω·
1487 1955 1540 2005 οὐ
1573 1954 1667 2021 γὰρ
1709 1960 1745 2006 εἱ

219 2039 413 2102 πένητες
474 2037 603 2101 ἦμεν,
656 2037 953 2101 ἠδικήκαμεν,
1005 2040 1117 2088 ἀλλ’
1170 2042 1206 2088 εἰ
1259 2037 1323 2102 μὴ
1375 2043 1586 2088 πολῖται·
1642 2039 1745 2089 οὐδὲ

222 2124 327 2187 περὶ
370 2121 538 2188 Ετύχης
579 2122 683 2172 οὐδὲ
723 2124 827 2186 περὶ
854 2121 1124 2188 γχρημάτων
1164 2120 1296 2184 ῐὴμῖν
1337 2123 1468 2172 ἐστὶν
1513 2123 1537 2172 ὁ
1580 2121 1867 2187 παρὼνῑ313

224 2205 367 2271 ἀγὼν,
406 2207 516 2255 ἀλλ’
561 2205 674 2271 ὑπὲρ
725 2205 899 2271 γένους.
963 2205 1129 2256 πολλὰ
1178 2205 1374 2256 δουλικὰ
1424 2208 1498 2256 καὶ
1550 2205 1745 2256 ταπεινοὶ

222 2288 482 2355 πράγματα
520 2288 628 2343 τοὺς
669 2289 940 2355 ἐλευθέρους
981 2290 1008 2352 ἡ
1047 2290 1182 2340 πενία
1220 2289 1427 2356 βιάζεται
1471 2295 1633 2351 ποιεῖν,
1669 2291 1741 2356 ἐφ’

223 2373 291 2427 οῖς
328 2375 516 2425 ἐλεοῖντ’
546 2373 617 2436 ἂν,
645 2371 681 2424 ῶ
706 2374 870 2440 ἄνδρες
904 2375 1159 2437 Ἀθηναῖοι,
1188 2372 1471 2439 δικαιότερον
1497 2372 1525 2437 ἢ
1552 2396 1738 2439 προσα-

154 2477 207 2519 57
223 2457 526 2509 πολλύοιντο.
583 2461 644 2511 ὡς
683 2458 776 2524 γὰρ
814 2456 907 2522 ἐγὼ
946 2457 1114 2519 ἀκούω,
1149 2460 1330 2509 πολλαὶ
1373 2460 1448 2508 καὶ
1483 2460 1636 2508 τιτθαὶ
1670 2459 1773 2509 καὶὸ

225 2542 404 2607 ἕέριθοι
443 2545 518 2592 καὶ
558 2540 833 2607 τρυγήτριαι
873 2541 1130 2606 γεγόνασιν
1172 2540 1262 2591 ὑπὸ
1303 2546 1398 2591 τῶν
1438 2544 1520 2604 τῆς
1559 2540 1744 2593 πόλεως

224 2627 323 2676 κατ’
363 2627 560 2679 ἐκείνους
610 2625 716 2678 τοὺς
768 2625 964 2692 χρόνους
1011 2629 1277 2693 συμφορῶν
1322 2627 1467 2676 ἀσταὶ
1518 2630 1744 2690 γυναῖκες,

281 2784 297 2811 Y
317 2779 376 2811 τὸν
396 2789 466 2812 om.
491 2778 528 2811 F.
631 2783 648 2801 Ζ
669 2777 827 2823 τουτωνὶ]
853 2776 983 2810 τούτων
1003 2777 1132 2815 F.S.Q.
1242 2782 1260 2801 ²²
1280 2776 1498 2821 ψηφίσαιτο]
1522 2775 1743 2820 ψηφίσαιντο

227 2831 357 2869 F.S.Q.
513 2827 532 2855 b
561 2830 683 2875 αὐτοῦ]
709 2844 819 2864 αυτωυ
839 2843 891 2876 pr.
915 2830 949 2864 S.
972 2842 1013 2863 ex
1036 2842 1106 2875 quo
1126 2844 1229 2863 αυτ-ου
1248 2830 1392 2869 factum,
1416 2829 1639 2874 postmodum
1662 2840 1743 2861 vot-0

225 2884 433 2917 vocabulum
453 2889 568 2917 totum
589 2884 742 2918 deletum
764 2892 828 2917 est.
953 2888 969 2907 0
989 2882 1066 2916 ἀλλ’
1088 2883 1125 2928 ἃ]
1150 2883 1241 2916 ἀλλὰ
1261 2883 1381 2921 A.Q.r.
1508 2878 1524 2905 (¹
1542 2881 1617 2926 τὴν]
1641 2881 1744 2923 αὐτὴν

226 2938 314 2971 libri.
357 2937 519 2971 Correxit
541 2937 715 2977 Reiskius‚
736 2937 795 2981 qui
815 2936 925 2979 ἀστὴν
944 2936 1004 2979 τὴν
1024 2936 1125 2969 scribi
1147 2937 1266 2969 voluit.
1311 2936 1350 2968 In
1374 2936 1415 2969 B.
1439 2935 1642 2967 distinctum
1664 2940 1743 2978 post

226 2990 339 3033 αὐτήν.
483 2995 498 3013 ⁰
517 2989 622 3034 τύχης
642 2991 712 3023 A.r.
735 3002 814 3024 cum
834 3005 888 3035 γρ.
914 2990 1000 3027 RQ.
1042 2990 1160 3033 ψυχῆς
1182 2990 1298 3033 vulgo.
1448 2985 1461 3011 f
1480 2986 1572 3031 ἡμῖν]
1599 2987 1674 3030 ὑμῖν
1695 2988 1740 3024 Q.

226 3048 246 3075 g
266 3043 388 3088 ἔριθοι]
415 3043 550 3087 ιερειθοι
572 3043 606 3076 S.
624 3043 723 3076 litera
744 3057 753 3075 ι
775 3048 833 3076 aut
855 3057 890 3087 ερ
912 3043 1037 3075 deleta.

954 3117 973 3140 Ζ
1002 3115 1020 3142 2
