2009 3286
79 220 262 271 -1426,
285 236 333 260 10.
816 223 1106 261 HPOOIMIA.
1616 222 1727 264 1449

201 332 445 393 βουλεύειν
479 334 761 398 προτιθέναι·
802 333 832 384 ἃ
862 333 956 399 γὰρ
987 335 1115 384 αὐτοὶ
1150 334 1261 399 πρὶν
1296 334 1496 384 ἀκοῦσαι
1527 335 1720 399 δοκιμά-

203 416 298 482 ζετε
337 418 611 486 συμφέρειν,
651 419 699 468 τί
734 421 805 468 δεῖ
845 423 992 468 ταῦτα
1031 416 1287 470 ἀκούοντας
1328 418 1482 481 μάτην
1521 420 1726 487 ἐνοχλεῖ-

204 505 318 551 σθαι
340 522 350 560 ;
392 505 429 551 εὶ
456 500 504 551 δὲ
529 507 749 552 σκοπεῖτε
783 503 858 552 καὶ
884 500 1201 562 Οβουλεύεσθε
1227 503 1290 554 ὡς
1317 502 1366 552 ἐκ
1391 506 1486 552 τῶν
1509 504 1720 569 ῥηθησο-

203 583 356 648 μένων
394 583 647 648 δοκιμάσαι
686 585 804 648 δέον,
844 585 926 635 οὐκ
966 586 1117 651 ὀρθῶς
1156 584 1248 652 ε”χει
1288 583 1343 635 τὸ
1383 585 1582 637 κωλύειν
1619 587 1727 642 τοὺς

203 668 522 730 βουλομένους
553 669 726 734 λέγειν.
781 668 911 735 παρὰ
945 667 1030 732 μὲν
1061 667 1189 734 Ργοῖρ
1222 672 1318 719 τῶν
1354 668 1478 724 ὅλως
1513 672 1723 722 ἀποστε-
1743 691 1778 723 ¹5

202 756 362 818 ρεῖσθε
388 754 437 802 ἐκ
463 758 575 803 (Ῑτοῦ
604 758 744 803 τοῦτο
772 757 933 814 ποιεῖν,
960 752 1003 802 εἴ
1023 775 1067 802 τι
1092 751 1331 819 χρήσιμον
1356 753 1725 818 Γέντεθύμηνται·

203 835 311 889 τοὺς
344 840 384 886 δ’
413 837 618 904 ἀφέντας
654 836 685 887 ἃ
716 836 1036 903 τυγχάνουσιν
1069 835 1336 902 ἐγνωκότες,
1367 835 1431 888 ὧν
1470 840 1587 902 ὑμᾶς
1622 841 1726 891 ε’πι-

205 925 367 984 θυμεῖν
405 922 592 981 οἴονται,
627 927 773 972 ταῦτα
813 926 984 973 ποιεῖτε
1023 922 1382 985 συμβουλεύειν.
1443 923 1547 974 ε”στι
1582 925 1632 975 δὲ
1667 926 1725 975 ἁ-

205 1005 458 1071 μαρτάνειν
487 1006 573 1069 μὲν
598 1006 902 1069 βουλομένων
929 1004 982 1056 τὸ
1010 1004 1379 1072 συναναγκάζειν
1409 1007 1491 1058 τὸν
1525 1008 1724 1076 παριόν-
1742 1033 1783 1055 20

206 1113 265 1140 τα
310 1088 340 1140 ἃ
379 1090 620 1152 βούλεσθε
665 1090 834 1156 λέγειν,
872 1090 1228 1153 βουλευομένων
1269 1089 1318 1141 δὲ
1362 1092 1660 1148 ἀκούσαντας
1700 1094 1731 1145 ἃ

206 1175 459 1241 γιγνώσκει
503 1181 711 1238 σκοπεῖν,
755 1175 842 1226 κᾶν
887 1198 930 1226 τι
975 1179 1132 1227 καλῶς
1176 1174 1273 1242 ἔχῃ,
1312 1179 1537 1242 χρῆσθαι.
1603 1178 1730 1244 λε’γω

207 1259 254 1309 δὲ
282 1265 429 1310 ταῦτα
460 1261 543 1309 οὐκ
575 1259 759 1309 ἐναντία
791 1264 887 1313 τοῖς
913 1260 1049 1321 ἓὺμῖν
1084 1258 1343 1325 ἀρέσκουσι
1379 1260 1572 1323 μέλλων
1608 1285 1730 1328 παρ-

206 1348 361 1405 αινεῖν,
389 1344 499 1393 ἀλλ’
528 1345 670 1394 ἐκεῖνο
709 1343 852 1405 εἰδὼς,
890 1343 961 1394 ὅτι
996 1341 1053 1393 ἂν
1092 1342 1177 1406 μὲν
1214 1342 1279 1408 μὴ
1313 1344 1596 1409 ῑέθελήσητε
1635 1352 1730 1397 τῶν

206 1425 550 1491 ἀντιλεγόντων
589 1429 805 1489 ἀκοῦσαι,
845 1427 1174 1495 ἐξηπατῆσθαι
1211 1427 1456 1493 φήσουσιν
1503 1429 1633 1490 ὑμᾶς,
1672 1427 1781 1480 ἆν25

208 1512 245 1561 δ’
295 1511 582 1564 ἀκούσαντες
633 1510 697 1575 μὴ
753 1514 993 1574 πεισθῆτε,
1045 1510 1406 1579 ἐξεληλεγμένοι
1457 1513 1728 1580 παραχρῆμ’

208 1595 398 1646 ε”σονται
425 1595 483 1646 τὰ
509 1596 648 1662 χείρω
673 1602 1022 1661 παραινοῦντες.

930 1695 1013 1743 ΙΑ.

283 1774 458 1835 Οἵομαι
501 1774 681 1828 πάντας
725 1777 895 1838 “ὑμᾶς,
946 1773 983 1825 ὦ
1033 1775 1196 1841 ἄνδρες
1247 1776 1506 1838 Ἀθηναῖοι,
1559 1776 1732 1842 γιγνώ-

209 1881 341 1909 σκειν
367 1858 438 1909 ὅτι
465 1860 518 1909 οὐ
548 1864 808 1925 κρινοῦντες
834 1859 965 1922 ἥκετε
990 1857 1192 1924 τήμερον
1218 1859 1382 1909 οὐδένα
1408 1864 1502 1910 τῶν
1524 1860 1735 1911 ἀδικούν-
1752 1865 1860 1916 1426

209 1965 317 2004 των,
345 1942 477 1992 ἀλλὰ
501 1941 872 2003 βουλευσόμενοι
910 1945 1017 2007 περὶ
1054 1946 1149 1992 τῶν
1179 1942 1444 2007 παρόντων.
1488 1946 1560 1994 δεῖ
1579 1944 1736 1995 τοίνυν

209 2025 294 2080 τὰς
332 2025 416 2089 μὲν
451 2027 733 2093 κατηγορίας
767 2026 1078 2091 Χὺπερθέσθαι
1118 2024 1293 2088 πάσας,
1329 2030 1405 2077 καὶ
1431 2025 1526 2077 τότ’
1555 2028 1603 2077 ἐν
1631 2028 1738 2091 ὑμῖν

210 2109 366 2174 λέγειν
410 2111 510 2160 καθ’
562 2109 671 2160 ὅτου
710 2109 923 2160 πέπεικεν
965 2110 1163 2162 ἕκαστος
1213 2108 1392 2172 ἑαυτὸν,
1444 2109 1557 2160 ὅταν
1598 2110 1736 2161 Υτινὰ

211 2194 453 2259 κρίνωμεν·
497 2198 533 2244 εἷ
569 2193 622 2244 δέ
651 2195 718 2248 τίς
751 2217 795 2244 τι
836 2194 1073 2261 χρήσιμον
1106 2192 1134 2257 ἦ
1162 2193 1410 2262 συμφέρον
1443 2198 1585 2246 εἰπεῖν
1622 2195 1763 2262 ε”χοι,5

210 2283 349 2328 τοῦτο
389 2282 471 2328 νῦν
509 2278 901 2344 Ζοὶποφαίνεσθαι.
960 2278 1014 2328 τὸ
1053 2276 1138 2340 μὲν
1172 2277 1266 2344 γὰρ
1305 2284 1580 2345 κατηγορεῖν
1616 2284 1736 2334 ξιτοῖς

210 2360 553 2425 πεπραγμένοις
592 2361 920 2426 ἐγκαλούντων
946 2362 1063 2422 ἐστὶ,
1098 2359 1153 2412 τὸ
1181 2361 1229 2412 δὲ
1255 2362 1600 2424 συμβουλεύειν
1630 2365 1736 2430 περὶ

211 2448 306 2494 τῶν
331 2443 579 2509 παρόντων
605 2447 680 2494 καὶ
707 2444 1038 2509 γενησομένων
1053 2446 1341 2511 προτίθεται.
1382 2448 1550 2497 οὐκοῦν
1566 2448 1619 2497 οὐ
1636 2454 1736 2497 λοι-

212 2527 369 2592 δορίας
408 2527 513 2577 οὐδὲ
548 2528 772 2595 μέμψεως
808 2529 832 2578 ὁ
873 2529 1038 2595 παρὼν
1079 2528 1249 2595 καιρὸς,
1289 2530 1421 2580 ἀλλὰ
1455 2534 1736 2595 συμβουλῆς

213 2608 331 2661 εἶναι’
360 2633 440 2673 μοι
474 2612 611 2661 δοκεῖ.
657 2610 727 2661 διὸ
762 2611 1049 2677 πειράσομαι
1081 2611 1168 2676 μὲν
1207 2613 1535 2682 φυλάξασθαι,
1563 2613 1588 2665 ὅ
1623 2615 1730 2665 τού·
1754 2637 1791 2659 ¹0

268 2761 286 2781 ⁰
305 2756 534 2803 βουλεύεσθε]
557 2757 731 2798 βούλεσθε
752 2758 795 2792 Ο.
901 2766 920 2794 Ι)
939 2759 1005 2804 γὰρ
1025 2771 1095 2793 om.
1119 2758 1244 2794 F.O.v.
1349 2765 1367 2792 q
1389 2762 1450 2793 τοῦ
1469 2759 1589 2806 τοῦτο]
1614 2759 1737 2794 τούτου

214 2810 253 2843 τὸ
274 2810 354 2848 Q.v.
459 2817 472 2836 Γ
493 2810 746 2856 ἐντεθύμηνται]
771 2810 990 2855 ἐντεθύμηται
1010 2812 1101 2846 Y.O.
1199 2818 1213 2838 ³
1237 2812 1329 2858 ὑμῖν]
1355 2812 1432 2856 ἡμῖν
1453 2813 1537 2851 S.Q.
1632 2812 1646 2837 t
1665 2813 1736 2847 ε’θε-

214 2862 343 2906 λὴσητε
364 2863 458 2897 Y.0.
488 2863 656 2907 θελήσητε
677 2864 795 2908 vulgo.
828 2864 907 2898 Vid.
929 2866 972 2898 ad
993 2878 1027 2911 p.
1046 2876 1133 2911 103,
1156 2877 1193 2913 9.
1281 2872 1300 2891 U
1323 2866 1407 2909 ὑμᾶς
1427 2878 1496 2900 om.
1519 2878 1550 2900 v.
1572 2871 1607 2900 ct
1627 2878 1677 2911 pr.
1694 2866 1736 2899 Υ.

215 2921 234 2940 Χ
265 2916 473 2961 ὑπερθέσθαι
503 2929 534 2950 ν.
556 2922 591 2950 et
618 2931 674 2962 γρ.
699 2917 837 2956 F.Y.Q.
888 2918 1087 2963 Legebatur
1115 2919 1293 2964 προέσθαι.
1450 2925 1467 2952 Y
1496 2920 1570 2953 τινὰ
1599 2931 1668 2953 om.
1691 2919 1735 2958 Q.

216 2991 233 3010 Ζ
252 2985 505 3028 ἀποφαίνεσθαι
525 2985 609 3019 S.O.
639 2977 895 3030 ‹irrocpalvwe'c'z'a
916 2986 1002 3020 F.Y.
1034 2985 1284 3031 ἀποφαινέσθω
1305 2986 1422 3032 vulgo.
1550 2992 1569 3011 8
1589 2988 1659 3022 τοῖς
1678 3001 1737 3021 πε-

214 3039 436 3085 πραγμένοις]
462 3043 528 3073 τῶν
546 3040 791 3084 πεπραγμένων
810 3053 866 3085 γρ.
890 3039 1021 3077 F.S.Q.
