2009 3286
31 202 290 244 ——1145‚1⁵.
495 194 637 231 ΚΑΤΑ
670 194 854 231 ΕΎΕΡΓ.
891 194 981 231 ΚΑΙ
1017 194 1247 231 ΜΝΗΣΙΒ.
1279 194 1440 231 ΨΕΎΔ,
1569 191 1678 232 1171

155 302 263 357 τοὺς
300 303 542 366 δικαστὰς,
574 303 705 354 ἀλλὰ
738 306 814 354 καὶ
853 307 936 367 τῆς
971 307 1153 367 βουλῆς
1194 304 1292 367 ἅμα
1328 309 1422 355 τῶν
1458 326 1685 355 πεντακο-

156 387 276 437 σίων
314 391 372 454 τῇ
414 389 531 454 αὐτῇ
572 387 742 456 ψήφῳ,
783 390 858 438 καὶ
895 389 1045 453 ἄκυρα
1089 387 1174 451 μὲν
1209 389 1402 451 ἐποίησε
1447 387 1506 438 τὰ
1549 391 1678 438 δικα-
1701 405 1740 427 20

156 471 330 537 στήρια
372 471 432 522 τὰ
474 472 685 539 ὑμέτερα,
728 472 877 538 ἄκυρα
922 471 970 523 δὲ
1015 471 1074 523 τὰ
1118 474 1420 540 ψηφίσματα
1461 474 1536 522 καὶ
1577 471 1685 525 τοὺς

158 554 339 619 νόμους,
375 556 607 609 ἀπίστους
646 554 694 606 δὲ
727 554 813 608 τὰς
848 554 996 622 ἀρχὰς
1033 556 1327 620 κατέστησεν
1370 558 1476 619 ὑμῖν
1511 558 1587 606 καὶ
1627 554 1686 605 τὰ

158 638 416 704 γράμματα
452 638 512 689 τὰ
552 640 600 689 ἐν
637 644 738 692 ταῖς
775 638 992 703 στήλαις.
1045 637 1099 689 ὃν
1137 638 1184 690 δὲ
1218 638 1408 705 τρόπον,
1443 638 1536 703 ἐγὼ
1569 641 1686 701 ὑμᾶς

94 743 145 787 23
159 723 264 788 περὶ
291 720 392 775 ἑνὸς
417 721 621 773 ἑκάστου
647 722 837 790 διδάξω.
887 724 986 786 ἐμοὶ
1012 721 1105 788 γὰρ
1130 722 1250 789 πρὸς
1277 723 1537 791 Θεόφημον
1563 745 1686 784 συμ-

159 806 360 866 βόλαιον
391 805 477 870 μὲν
515 806 647 857 οὐδὲν
681 806 872 858 πώποτε
910 805 1141 872 πρότερον
1175 808 1224 857 ἐν
1259 811 1325 875 τῷ
1357 808 1448 875 βίῳ
1489 806 1739 871 ἐγένετο,25

160 891 289 941 (Ῑούδ’
319 891 377 941 αὖ
408 895 564 954 κῶμος
598 889 627 954 ἢ
664 891 778 957 ἔρως
815 889 844 954 ἢ
880 888 1038 951 πότος,
1065 887 1191 940 ὥστε
1219 889 1556 958 διαφερόμενον
1582 889 1692 954 περί

159 997 284 1029 τινος
322 974 733 1038 πλεονεκτήματος
766 973 795 1038 ἢ
828 974 1213 1042 παροξυνόμενον
1240 975 1331 1025 ὑπὸ
1358 975 1526 1038 ἡδονῆς
1564 975 1689 1030 τινὸς

160 1060 314 1111 ἐλθεῖν
340 1061 414 1109 ἐπὶ
439 1057 526 1121 τὴν
552 1059 701 1109 οἰκίαν
727 1057 812 1121 τὴν
847 1057 1031 1108 τούτου.
1086 1057 1422 1126 ψηφισμάτων
1448 1058 1497 1109 δὲ
1524 1060 1680 1122 ὑμετέ-

159 1166 256 1208 ρων
282 1142 432 1207 δήμου
467 1147 542 1193 καὶ
567 1145 748 1206 βουλῆς
788 1144 863 1192 καὶ
900 1141 1043 1205 νόμου
1079 1140 1400 1210 ἐπιτάξαντος,
1428 1143 1814 1211 εἶσέπραξαη45

160 1228 261 1276 Γκαὶ
287 1232 453 1277 τοῦτον
479 1226 735 1294 ὀφείλοντα
761 1229 818 1292 τῇ
844 1224 982 1276 πόλει
1008 1226 1154 1289 σκεύη
1182 1224 1431 1291 5τριηρικά.
1484 1226 1600 1276 διότι
1627 1226 1689 1289 δὲ,

98 1308 256 1374 24ἐγὼ
295 1311 401 1373 ὑμῖν
443 1308 743 1374 διηγήσομαι.
797 1308 958 1375 ε”τυχεν
998 1309 1304 1359 ε’κπλεουσῶν
1349 1307 1572 1374 ἵτριήρων
1614 1311 1690 1359 καὶ

162 1393 357 1458 βοήθεια
402 1393 798 1456 ἀποστελλομένη
844 1391 919 1442 διὰ
964 1390 1149 1458 τάχους.
1211 1390 1359 1455 σκεύη
1406 1391 1487 1441 οὖν
1531 1392 1579 1441 ἐν
1625 1396 1692 1459 τῷ

165 1479 336 1547 νεωρίῳ
361 1479 447 1544 οὐχ
475 1479 655 1544 ὑπῆρχε
688 1481 789 1530 ταῖς
824 1477 1005 1537 ναυσὶν,
1033 1476 1143 1525 ἀλλ’
1174 1474 1359 1542 ἔχοντες
1395 1478 1436 1525 οἱ
1464 1475 1688 1542 ὀφείλον-
1707 1491 1723 1522 5

164 1584 239 1614 τες
275 1563 357 1612 οὐκ
384 1561 685 1612 ἀπεδίδοσαν·
725 1559 844 1626 πρὸς
881 1558 928 1610 δὲ
966 1558 1146 1612 τούτοις
1186 1560 1279 1609 οὐδ’
1308 1560 1357 1609 ἐν
1382 1563 1449 1627 τῷ
1489 1562 1699 1624 Πειραιεῖ

165 1645 280 1696 ὄντα
306 1646 496 1714 ἄφθονα
522 1645 682 1696 ὀθόνια
708 1652 729 1670 ¹¹
743 1646 817 1695 καὶ
843 1648 1083 1695 στυππεῖα
1119 1645 1194 1694 καὶ
1221 1644 1425 1710 σχοινία,
1452 1642 1520 1696 οἷς
1547 1665 1690 1693 κατα-

166 1729 437 1795 σκευάζεται
475 1728 680 1796 τριήρης,
718 1726 844 1779 ὥστε
880 1729 1127 1794 πρίασθαι.
1179 1727 1354 1795 γράφει
1400 1727 1482 1777 οὖν
1523 1726 1696 1792 Χαιρέ-

166 1815 312 1877 δημος
350 1813 404 1864 τὸ
443 1813 683 1882 ψήφισμα
716 1815 861 1875 τουτὶ,
895 1812 972 1862 ἵνα
1011 1815 1281 1879 εἰσπραχθῇ
1318 1810 1378 1861 τὰ
1408 1810 1554 1874 σκεύη
1595 1814 1697 1863 ταῖς

167 1901 306 1948 ναυσὶ
348 1899 423 1948 καὶ
461 1901 570 1966 σῷα
606 1897 796 1962 γένηται
835 1900 893 1963 τῇ
930 1894 1081 1947 πόλει.
1137 1897 1217 1946 καί
1250 1918 1330 1958 μοι
1363 1894 1601 1960 ἀνάγνωθι
1640 1892 1694 1943 τὸ
1714 1920 1750 1941 ιο

167 1981 422 2050 ψήφισμα.

785 2073 1077 2114 ΨΗΦΙΣΜΑ.

106 2172 156 2213 25
245 2160 429 2210 Τούτου
468 2160 659 2209 Χτοίνυν
695 2164 779 2209 τοῦ
817 2158 1138 2225 ψηφίσματος
1179 2154 1504 2221 γεγενημένου,
1544 2154 1572 2217 ἡ
1612 2154 1698 2216 μὲν

170 2241 292 2310 ἀρχὴ
319 2241 622 2309 ἐπεκλήρωσε
659 2243 734 2292 καὶ
759 2242 999 2307 παρέδωκε
1026 2239 1134 2293 τοὺς
1159 2240 1440 2307 ὀφείλοντας
1466 2237 1526 2289 τὰ
1551 2237 1698 2301 σκεύη

171 2331 230 2394 τῇ
267 2326 419 2389 πόλει,
445 2330 486 2377 οἱ
518 2326 566 2377 δὲ
596 2331 690 2377 τῶν
719 2326 918 2391 νεωρίων
944 2326 1221 2389 ἐπιμεληταὶ
1246 2328 1341 2376 τοῖς
1376 2321 1699 2389 Υτριηράρχοις

173 2416 269 2464 τοῖς
313 2411 567 2462 ἐκπλέουσι
611 2408 716 2460 τότε
763 2411 838 2460 καὶ
882 2413 978 2462 τοῖς
1028 2410 1328 2471 ἐπιμεληταῖς
1369 2411 1466 2459 τοῖς
1510 2407 1559 2456 ἐν
1600 2409 1700 2458 ταῖς
1716 2431 1750 2463 15

230 2581 249 2608 q
270 2575 340 2609 οὐδ’
360 2575 546 2620 Sauppius.
579 2575 778 2620 Legebatur
798 2571 880 2607 οὔτ’.
967 2579 980 2597 Γ
1001 2574 1054 2606 καὶ
1074 2572 1192 2606 addidi
1211 2584 1253 2605 ex
1272 2572 1308 2606 S.
1323 2572 1358 2605 in
1379 2583 1449 2616 quo
1465 2582 1512 2604 m.
1529 2570 1702 2604 recentior

177 2635 309 2675 puncto
328 2629 475 2662 notavit.
584 2636 597 2654 ⁵
618 2628 770 2673 τριηρικά
791 2626 919 2665 1‹‘.S.Q.
950 2627 1172 2671 τριηραρχικά
1192 2626 1308 2671 vulgo.
1341 2624 1446 2658 Conf.
1469 2624 1513 2657 ad
1533 2636 1566 2668 p.
1591 2635 1599 2656 1
1617 2622 1701 2668 138,

180 2693 213 2716 2.
237 2688 271 2716 et
291 2693 327 2727 4.
375 2682 443 2715 Sed
464 2682 723 2715 Demosthenes
743 2681 891 2714 fortasse
913 2680 1099 2724 scripserat
1127 2681 1326 2723 τριηριτικὰ,
1349 2678 1448 2721 eujus
1469 2677 1589 2710 formae
1611 2681 1647 2709 et
1667 2676 1701 2708 iu

178 2736 244 2769 hoe
273 2736 444 2779 adjectivo
465 2741 499 2769 et
519 2735 553 2767 in
573 2733 802 2780 τετρηριτικός
831 2739 997 2766 constans
1025 2745 1109 2765 usus
1137 2738 1190 2765 est
1219 2732 1254 2764 iu
1284 2731 1510 2776 inscriptione.
1541 2729 1653 2762 navali
1683 2741 1703 2761 a

181 2789 359 2822 Boeckhio
379 2789 483 2828 edita,
505 2800 609 2833 quam
631 2800 661 2822 v.
683 2800 717 2832 p.
741 2787 832 2832 416.
855 2797 946 2832 449.
969 2793 1058 2832 455.
1080 2783 1172 2830 486.
1193 2794 1281 2831 542.
1413 2786 1423 2809 t
1444 2782 1588 2827 τριήρων
1612 2782 1701 2815 Bek—

177 2843 295 2875 kerus.
327 2845 471 2886 τριηρῶν
491 2842 608 2887 vulgo.
732 2846 749 2864 U
773 2841 825 2873 κιιὶ
845 2841 988 2873 στυπεῖα
1008 2851 1078 2872 om.
1101 2838 1146 2876 Q.
1167 2852 1222 2883 γρ.
1244 2839 1297 2871 καὶ
1317 2838 1505 2870 στυππεῖον
1526 2835 1579 2868 καὶ
1599 2848 1701 2867 στιπ-

178 2909 264 2928 πυον
286 2894 475 2937 (στύππιον
496 2895 553 2939 Β.)
578 2895 614 2928 F.
637 2894 730 2927 unde
751 2893 885 2927 correxi
905 2893 1087 2937 vulgatum
1109 2892 1162 2925 καὶ
1182 2889 1349 2924 στύππιιι.
1461 2894 1478 2912 x
1500 2888 1612 2921 τοίνυν
1633 2900 1702 2920 om.

182 2949 216 2982 S.
249 2949 305 2981 Sie
326 2947 437 2981 τοίνυν
459 2954 538 2993 post
559 2948 760 2993 psephisma
780 2947 964 2980 recitatum
986 2957 1055 2979 om.
1079 2946 1150 2978 A.r.
1173 2957 1208 2989 p.
1230 2944 1339 2983 1208,
1362 2954 1398 2989 9.
1506 2947 1522 2974 Y
1544 2941 1701 2986 τριηράρ-

180 3002 272 3046 χοις]
298 3002 516 3046 τριηράρχοις
535 3002 581 3039 Q.
604 3006 638 3035 et
661 3013 713 3045 pr.
738 3002 773 3033 S.
