2009 3286
67 217 145 243 —1
159 218 171 244 J
187 219 252 260 75,
269 223 323 247 24.
640 211 785 247 ΚΑΤΑ
817 209 1278 247 ΟΛΎΜΠΙΟΔΩΡΟΎ.
1609 206 1722 249 1199

195 318 334 372 αὐτὸς
359 320 488 386 παρὰ
513 326 596 371 τοῦ
623 321 888 386 ἀνθρώπου,
915 325 997 370 τοῦ
1028 320 1219 382 οἰκέτου,
1248 319 1301 370 ὃν
1327 318 1626 379 ἐβασάνισεν·
1669 320 1722 368 οὐ

126 422 172 463 3¹
195 402 289 468 γὰρ
315 401 439 471 εἶχον
464 403 609 455 ἰὅπου
641 403 981 464 1(ἐπιλάβοιντο
1017 409 1098 453 τοῦ
1133 404 1370 468 ἀργυρίου.
1429 404 1504 453 καὶ
1542 401 1600 452 τὰ
1638 401 1722 464 μέν

193 488 467 554 πραχθέντα
505 493 636 539 ταῦτ’
670 487 726 552 ἧν
763 490 811 538 ἐν
845 491 903 554 τῇ
942 489 1180 555 ἀποδημίᾳ
1214 491 1272 554 τῇ
1310 486 1721 551 Ὀλυμπιοδώρου,

1426 570 1436 597 ¹
1449 571 1716 622 ἀπέλαυσα.

194 573 270 621 καὶ
296 574 380 634 τῆς
410 572 651 625 κοινωνίας
683 575 765 636 τῆς
798 571 917 638 πρὸς
950 578 1118 622 τοῦτον
1152 573 1278 622 ταῦτ’
1308 570 1400 637 ἐγὼ

194 656 336 706 ωέπεὶ
388 657 425 706 δ’
473 655 767 720 ἐπεδήμησεν
818 655 952 709 οὗτος
1002 657 1079 706 καὶ
1134 659 1176 706 οἱ
1227 656 1370 706 ἄλλοι
1421 659 1816 722 στρατιῶται,117
1822 675 1847 716 5

193 737 443 803 ἠγανάκτει
478 739 873 806 Ὀλυμπιόδωρος
909 741 1084 801 οὑτοσὶ,
1113 737 1150 789 εἷ’)
1183 740 1347 805 ἄνδρες
1383 741 1615 800 δικασταὶ,
1649 740 1724 789 ἐπὶ

193 826 291 876 τοῖς
333 823 684 887 συμβεβηκόσι,
725 826 800 874 καὶ
845 824 1000 890 ἡγεῖτο
1040 823 1167 874 δεινὰ
1211 823 1507 875 πεπονθέναι.
1567 821 1722 886 ἐπειδὴ

194 905 243 955 δέ
294 906 470 969 μεστὸς
521 907 702 973 ἐγένετο
753 910 1045 973 ἀγανακτῶν,
1097 909 1392 970 ἐσκοποῦμεν
1443 906 1592 959 πάλιν
1649 908 1754 957 καῖ5

195 989 544 1054 ἐβουλευόμεθα
578 996 721 1059 κοινῇ,
757 991 849 1057 ἐγὼ
885 995 961 1042 καὶ
997 989 1394 1058 Ὀλυμπιόδωρος
1429 993 1605 1052 οὑτοσὶ,
1639 990 1721 1041 ὅν-

125 1099 180 1140 32
195 1096 298 1124 τινα
337 1072 513 1140 τρόπον
553 1076 769 1126 Πτούτων
808 1099 852 1126 τι
897 1075 1047 1126 πάλιν
1091 1074 1389 1138 κομιούμεθα.
1459 1077 1534 1126 καὶ
1579 1074 1725 1126 ἐδόκει

195 1158 304 1221 ἡμῖν
338 1159 696 1223 βουλευομένοις
728 1163 1114 1226 προσκαλεῖσθαι
1148 1159 1254 1213 τοὺς
1289 1160 1725 1222 ἐπιδεδικασμένους

195 1240 315 1291 κατὰ
350 1241 433 1292 τὸν
472 1243 629 1305 νόμον,
666 1244 742 1293 καὶ
781 1244 829 1292 ἐκ
869 1247 963 1292 τῶν
1003 1242 1311 1309 ὑπαρχόντων
1349 1242 1726 1311 ἀσφαλέστατον

196 1321 310 1374 εἶναι
335 1323 400 1388 μὴ
426 1326 474 1375 ἐν
499 1329 566 1394 τῷ
592 1326 717 1394 αὐτῷ
742 1325 862 1388 ἡμᾶς
889 1324 1184 1391 ἀμφοτέρους
1216 1322 1299 1374 τὸν
1332 1325 1543 1375 κίνδυνον
1573 1329 1720 1375 ποιεῖ·
1743 1346 1780 1367 10

194 1412 311 1458 σθαι
351 1407 471 1475 πρὸς
513 1408 620 1462 τοὺς
663 1410 1103 1477 ἀμφισβητοῦντας,
1143 1408 1275 1458 ἀλλὰ
1314 1413 1455 1476 χωρὶς
1495 1407 1725 1474 ἑκάτερον,

195 1496 303 1543 Οκαὶ
339 1499 506 1544 τοῦτον
540 1493 625 1557 μέν
650 1494 1048 1558 Ὀλυμπιόδωρον
1078 1492 1194 1543 ὅλου
1227 1498 1309 1543 τοῦ
1343 1493 1521 1559 κλήρου
1547 1498 1726 1560 λαχεῖν,

195 1576 360 1644 ὥσπερ
398 1577 452 1629 τὸ
490 1578 732 1645 πρότερον,
770 1581 844 1628 καὶ
884 1577 1195 1643 ἀγωνίζεσθαι
1235 1578 1335 1628 καθ’
1374 1577 1528 1638 αὑτὸν,
1565 1576 1643 1638 ἐμὲ
1679 1576 1727 1627 δὲ

128 1681 181 1723 33
196 1667 279 1712 τοῦ
323 1662 616 1728 ἡμικληρίου,
656 1660 847 1725 Ρέπειδὴ
889 1663 965 1711 καὶ
1008 1660 1300 1715 Κάλλιππος
1339 1662 1400 1711 (Ιὸ
1447 1660 1656 1728 ἀδελφὸς
1701 1661 1726 1711 ὁ

195 1744 304 1807 ἐμὸς
342 1752 426 1797 τοῦ
465 1746 744 1812 ἡμικληρίου
782 1743 926 1808 μόνον
963 1743 1309 1812 Γήμφεσβὴτει,
1350 1744 1490 1805 ὅπως,
1524 1744 1604 1795 ἐὰν
1642 1744 1726 1808 μὲν
1743 1764 1778 1795 15

196 1827 623 1896 5Ὀλυμπιόδωρος
663 1830 826 1880 οὑτοσὶ
872 1829 1067 1896 ἐπιτύχῃ
1106 1833 1190 1879 τοῦ
1235 1831 1431 1893 ἀγῶνος,
1470 1826 1562 1893 ἐγὼ
1607 1826 1728 1878 κατὰ

196 1911 281 1966 τὰς
319 1914 560 1977 συνθήκας
599 1915 674 1964 καὶ
719 1912 828 1966 τοὺς
870 1911 1035 1978 ὅρκους
1072 1912 1221 1963 πάλιν
1259 1911 1313 1962 τὸ
1352 1912 1491 1977 μερος
1529 1911 1728 1974 λάβοιμι

197 1995 358 2062 ἴπαρὰ
396 1997 577 2057 τούτου,
616 1997 699 2048 ἐὰν
735 2001 775 2048 δ’
813 1997 887 2062 ἄρ’
925 1996 1140 2063 ἀποτύχῃ
1178 1998 1254 2046 καὶ
1293 1995 1353 2046 τά
1391 1997 1524 2062 ἕτερα
1562 1995 1722 2064 ψηφί-

198 2103 379 2131 σωνται
416 2085 458 2131 οὶ
494 2083 726 2143 δικασταὶ,
760 2081 893 2132 οὗτος
929 2081 1038 2146 παρ’
1069 2082 1179 2142 ἐμοῦ
1215 2079 1274 2130 τὰ
1308 2080 1424 2146 μέρη
1460 2084 1618 2132 καλῶς
1651 2081 1726 2129 καὶ

199 2166 385 2218 δικαίως
435 2164 785 2228 ἀπολαμβάνοι,
838 2161 1001 2229 ὥσπερ
1052 2163 1307 2227 ὠμόσαμεν
1361 2164 1594 2227 ἀλλήλοις
1650 2164 1726 2213 καὶ
1740 2186 1780 2206 20

131 2249 502 2316 34011126196216962.
567 2248 722 2313 ἐπειδὴ
768 2248 815 2299 δέ
858 2253 988 2298 ταῦτ’
1029 2247 1420 2312 ἐβουλευσάμεθα
1463 2250 1537 2298 καὶ
1582 2247 1726 2297 ἐδόκει

199 2335 535 2402 ἀσφαλέστατ’
576 2331 690 2384 εἶναι
734 2335 810 2384 καὶ
859 2334 959 2396 ἐμοὶ
1003 2336 1079 2383 καὶ
1122 2333 1519 2401 Ὀλυμπιοδώρῳ,
1564 2353 1721 2397 προσ-

201 2417 475 2482 εκλήθησαν
507 2417 708 2471 ἅπαντες
743 2421 784 2468 οἱ
822 2417 1006 2484 ἔχοντες
1041 2417 1099 2468 τὰ
1132 2423 1214 2468 τοῦ
1248 2416 1469 2469 Κόνωνος
1499 2414 1618 2466 κατὰ
1644 2415 1727 2465 τὸν

202 2503 358 2566 νόμον.
416 2505 496 2554 καί
518 2527 596 2565 μοι
623 2501 860 2568 ἀνάγνωθι
886 2501 969 2553 τὸν
997 2502 1152 2565 νόμον,
1181 2504 1281 2553 καθ’
1311 2501 1364 2553 ’ὸν
1391 2502 1418 2565 ἡ
1446 2499 1728 2567 ιιπρόσκλη--

200 2610 278 2640 σις
303 2587 498 2652 ἐγένετο.

256 2696 265 2722 i
286 2698 389 2745 ὅπου]
414 2700 481 2732 ποῦ
497 2700 572 2734 As.
600 2698 678 2732 ὅποι
693 2713 748 2744 γρ.
767 2699 807 2732 F.
866 2695 886 2722 k
907 2697 1146 2743 ἐπιλάβοιντο]
1171 2697 1403 2741 λαμβάνοιντο
1421 2696 1554 2734 F.S..Q
1614 2692 1622 2718 l
1641 2694 1723 2727 ἁπέ-

201 2752 332 2798 λαυσιι]
358 2751 515 2786 ἀπέλυσα
536 2752 624 2791 RQ.
727 2757 755 2775 ’ῃ
777 2753 849 2785 ἐπεὶ
871 2752 906 2786 S.
943 2751 1142 2796 Legebatur
1163 2750 1290 2794 ἐπειδὴ.
1387 2756 1404 2773 ¹¹
1426 2748 1554 2782 τούτων
1573 2747 1622 2793 τι]
1646 2761 1723 2780 του-

201 2804 265 2839 τωῒ
281 2806 323 2839 Α.
342 2807 428 2847 (non
449 2804 570 2852 τούτῳ,
593 2806 687 2851 quod
708 2805 827 2839 Reisk.
849 2805 980 2847 affert.)
1010 2803 1127 2837 τουτοῒ
1145 2817 1173 2838 r.
1245 2810 1263 2827 0
1285 2804 1336 2836 καὶ
1357 2815 1428 2837 0111.
1446 2815 1472 2836 r.
1548 2807 1567 2834 P
1588 2799 1720 2845 ἐπειδὴ]

203 2859 316 2901 ἐπειδὴ
338 2859 373 2892 δέ
394 2860 465 2893 Α.ι“.
564 2865 582 2891 (1
604 2860 621 2891 ὁ
641 2859 793 2903 ἀδελφὸς
814 2859 831 2891 ὁ
850 2857 946 2903 ἐμὸς]
972 2858 990 2889 ὁ
1011 2858 1090 2901 ἐμὸς
1110 2857 1263 2901 ἀδελφὸς
1285 2856 1371 2895 RQ.
1472 2861 1487 2878 Γ
1507 2852 1725 2898 ἠμφεσβήτει

205 2912 240 2945 S.
276 2910 488 2957 ἠμφισβήτει
507 2913 626 2958 vulgo.
743 2917 756 2935 5
777 2911 1058 2955 Ὀλυμπιόδωρος
1078 2911 1198 2944 οὑτοσὶ
1220 2910 1348 2947 F.S.Q.
1387 2909 1584 2953 Legebatnr
1604 2906 1725 2939 οὑτοσὶ

201 2963 493 3010 Ὀλυμπιόδωρος.
596 2968 604 2986 ¹
626 2964 733 3010 παρὰ]
759 2966 797 2998 τὸ
818 2966 891 3000 As.
999 2971 1017 2989 ¹¹
1040 2966 1256 3009 πρόσκλησις
1276 2970 1452 2997 correctus
1474 2974 1499 2995 r.
1536 2962 1725 3005 πρόκλησις

203 3018 260 3053 hic
279 3024 314 3053 et
334 3018 452 3064 paullo
472 3024 551 3064 post
572 3019 690 3064 vulgo.

928 3093 951 3117 ι·
978 3090 999 3118 2
