2009 3286
237 214 348 251 Μαι,
762 214 1227 271 [ΔΗΜΟΣΘΕΝοὙΣ]
1335 218 1410 257 oa.
1433 217 1563 258 LXI.
1587 233 1625 273 p.
1648 232 1769 270 1410,
1784 236 1883 260 22—-

162 345 216 386 39
232 348 338 378 τους
366 326 442 377 διὰ
469 327 648 381 κάλλος
689 328 778 379 ὑπὸ
814 333 933 379 θεῶν
968 331 1311 394 ἀγαπηθέντας.
1367 329 1491 382 ὥστε
1525 332 1674 397 ἔγωγε
1705 334 1758 383 οὐ

231 411 450 475 θαυμάζω
489 416 582 461 τῶν
622 413 971 475 ἐπιθυμούντων
1002 417 1085 476 τῆς
1123 417 1213 477 σῆς
1254 417 1429 482 φιλίας,
1471 415 1600 467 ἀλλὰ
1640 421 1758 467 Ετῶν

229 494 294 558 μὴ
322 494 403 544 τὸν
429 495 605 561 τρόπον
632 503 798 547 τοῦτον
825 499 1133 561 διακειμένων·
1175 499 1292 550 ὅπου
1319 499 1411 566 γὰρ
1433 499 1533 554 ἑνὸς
1555 500 1758 552 ἑκάστου

230 582 324 628 τῶν
350 580 695 645 προειρημένων
721 580 1040 648 μετασχόντες
1060 582 1178 636 τινες
1205 586 1288 646 τῆς
1314 588 1408 634 τῶν
1430 588 1548 635 θεῶν
1568 585 1754 648 ὁμιλίας
1768 605 1806 638 25

230 663 520 730 ἠξιώθησαν,
560 664 587 728 ἧ
626 688 718 716 που
760 672 842 716 τοῦ
881 667 925 731 γ’
968 666 1189 717 ἁπάντων
1229 667 1386 732 κυρίου
1430 667 1755 722 καταστάντος

160 767 216 806 40
231 746 391 798 εὐκτὸν
418 752 573 817 θνητῷ
600 749 740 815 φύντι
774 751 919 817 φίλον
945 751 1182 815 γενέσθαι.
1238 751 1415 801 δίκαιον
1448 752 1532 815 μὲν
1566 753 1647 803 οὖν
1681 755 1757 803 καὶ

231 833 410 898 πατέρα
449 836 522 883 καὶ
565 834 742 899 μητέρα
788 837 862 884 καὶ
902 834 1008 887 τοὺς
1047 835 1228 887 ἄλλους
1268 836 1458 888 οἰκείους
1496 834 1602 889 τοὺς
1643 835 1757 889 σοὺς

230 914 530 982 Ῡζηλοῦσθαι,
570 924 590 952 g
603 923 834 968 τοσοῦτον
878 918 1181 985 ὑπερέχοντος
1226 923 1318 968 σοῦ
1362 923 1457 968 τῶν
1495 919 1877 983 ἡλικιωτῶν1411

233 1004 387 1069 ἀρετῇ,
414 1001 541 1052 πολὺ
573 1002 619 1053 δέ
654 1007 846 1065 μᾶλλον
879 1002 957 1056 οὓς
993 1001 1057 1052 σὺ
1089 1001 1145 1052 ¹¹6
1179 1006 1272 1051 τῶν
1306 1002 1597 1065 τηλικούτων
1634 1005 1752 1068 ἀγα-

233 1090 328 1136 θῶν
355 1084 630 1154 ἰήξιωμένος
666 1093 847 1137 σαυτοῦ
883 1087 1139 1153 προκρίνας
1171 1087 1330 1155 ἀξίους
1364 1085 1477 1138 εἶναι
1509 1088 1678 1156 φίλους
1706 1089 1762 1157 ἐξ

233 1169 453 1220 ἁπάντων
480 1174 601 1238 αἱρῇ.
656 1171 762 1224 τοὺς
796 1170 881 1234 μὲν
912 1169 1005 1237 γὰρ
1041 1172 1068 1234 ἡ
1105 1171 1225 1238 τύχη
1261 1194 1342 1221 σοι
1377 1171 1602 1239 μετόχους
1638 1195 1753 1224 κατ-

232 1254 421 1318 έστησε,
449 1254 555 1308 τοὺς
583 1256 620 1304 δ’
650 1256 677 1319 ἡ
705 1255 915 1322 σφετέρα
947 1256 1274 1321 καλοκάγαθία
1303 1256 1784 1321 προσσυνέστησεν·5

160 1360 208 1398 41
233 1337 310 1391 οὓς
336 1339 418 1388 οὐκ
444 1336 547 1389 οἶδα
572 1339 770 1404 πότερον
796 1338 999 1404 ἐραστὰς
1026 1338 1053 1403 ὴ
1081 1338 1250 1402 μόνους
1276 1340 1426 1405 ὀρθῶς
1453 1340 1750 1405 γιγνώσκον·

231 1446 314 1476 τας
351 1430 742 1490 προσαγορεῦσαι
780 1423 887 1490 χρή.
943 1427 1071 1474 δοκεῖ
1104 1422 1196 1489 γάρ
1234 1446 1314 1486 μοι
1352 1425 1428 1474 καὶ
1467 1429 1570 1474 κατ’
1607 1424 1757 1491 ἀρχὰς

231 1507 259 1570 ἡ
305 1506 437 1574 τύχη,
482 1512 576 1557 τῶν
626 1507 710 1568 μὲν
755 1508 956 1575 φαύλων
1005 1511 1386 1573 καταφρονοῦσα,
1433 1507 1517 1562 τὰς
1562 1507 1611 1559 δὲ
1663 1514 1757 1559 τῶν

232 1592 504 1642 σπουδαίων
531 1594 713 1657 ἀνδρῶν
741 1593 943 1644 διανοίας
973 1593 1179 1657 ἐρεθίσαι
1205 1596 1513 1655 βουληθεῖσα,
1541 1592 1626 1656 τὴν
1661 1593 1755 1657 σὴν
1773 1620 1809 1641 10

233 1675 382 1740 φύσιν
427 1676 479 1724 οὑ
528 1674 646 1739 πρὸς
692 1675 861 1738 ἡδονὴν
908 1676 1261 1743 ἐξαπατηθῆναι
1306 1674 1498 1740 1(καλὴν
1545 1681 1755 1740 ποιῆσαι,

230 1757 362 1808 ἀλλὰ
389 1759 507 1824 πρὸς
535 1758 702 1824 α’ρετὴν
728 1757 1081 1823 Ῑεύδαιμονῆσαι
1108 1758 1358 1826 χρήσιμον.

161 1864 216 1902 42
306 1841 483 1892 Πολλὰ
518 1843 554 1892 δ’
588 1843 708 1908 ἔχων
745 1843 810 1892 ε”τι
848 1845 952 1908 περὶ
990 1848 1081 1892 σοῦ
1118 1845 1330 1905 διελθεῖν,
1365 1845 1506 1894 αὐτοῦ
1543 1844 1752 1894 καταλύ-

230 1947 334 1975 σειν
365 1948 443 1987 μοι
471 1929 590 1975 δοκῶ
617 1925 700 1976 τὸν
726 1926 928 1988 ἔπαινον,
956 1925 1114 1979 δεδιὼς
1140 1925 1204 1990 μὴ
1231 1929 1331 1978 καθ’
1365 1927 1636 1993 ὑπερβολὴν
1674 1931 1756 1990 τῆς

230 2010 524 2073 ἀνθρωπίνης
551 2008 742 2076 φύσεως
769 2009 884 2074 ὑπὲρ
910 2016 1000 2060 σοῦ
1028 2010 1332 2075 διαλέγεσθαι
1359 2011 1497 2079 δόξω·
1538 2018 1750 2062 111τοσοῦ·
1773 2034 1807 2066 15

229 2116 311 2144 τον
349 2092 457 2159 γὰρ,
497 2096 558 2147 ὡς
597 2095 753 2156 ἔοικεν,
793 2095 820 2158 ἡ
859 2099 954 2145 τῶν
992 2096 1154 2160 λόγων
1193 2095 1384 2159 δύναμις
1424 2095 1623 2146 ἔλαττον
1662 2097 1756 2163 ἔχει

229 2180 311 2241 τῆς
338 2177 508 2244 ὅψεως,
537 2175 662 2228 ὥστε
695 2183 790 2232 τοῖς
817 2178 931 2239 Πμὲν
964 2180 1147 2244 ὁρατοῖς
1186 2181 1333 2233 οὐδεὶς
1368 2182 1585 2231 ἀπιστεῖν
1619 2181 1755 2249 ἀξιοῖ,

229 2260 336 2314 τοὺς
363 2260 412 2312 δὲ
437 2261 616 2312 τούτων
647 2263 861 2315 ἐπαίνους
895 2263 990 2312 οὐδ’
1020 2260 1078 2312 ἂν
1104 2264 1426 2313 Οἐλλείπωσιν
1460 2265 1649 2327 ἀληθεῖς
1686 2262 1752 2314 εἶ-

159 2362 214 2405 43
230 2367 303 2395 ναι
340 2343 592 2409 νομίζουσι.
646 2345 950 2408 παυσάμενος
987 2346 1067 2396 οῦν
1101 2348 1206 2412 περὶ
1239 2347 1430 2408 τούτων,
1462 2348 1551 2411 ἤδη
1585 2347 1748 2414 πειρά-

228 2428 381 2491 σομαί
411 2434 525 2478 Ρσοι
559 2428 905 2491 συμβουλεύειν
936 2429 993 2497 ἐξ
1021 2427 1086 2479 ὧν
1119 2427 1176 2479 ἂν
1210 2428 1502 2495 ἐντιμότερον
1538 2430 1603 2480 ε”τι
1636 2431 1809 2482 (Ῑτὸνκο

229 2517 409 2562 σαυτοῦ
458 2511 566 2571 βίον
616 2512 986 2575 Ῑ’καταστήσαις.
1055 2514 1318 2577 βουλοίμην
1369 2516 1410 2563 δ’
1464 2514 1522 2563 ἄν
1572 2537 1631 2564 σε
1689 2514 1754 2578 μὴ

285 2652 300 2671 e
320 2649 388 2680 τῶν
408 2647 452 2690 μὴ
472 2647 531 2680 τὸν
551 2647 678 2692 τρόπον
696 2647 834 2693 τοῦτον]
859 2648 903 2691 μὴ
923 2652 990 2682 τῶν
1010 2651 1132 2682 τοῦτον
1153 2650 1211 2682 τὸν
1230 2651 1357 2694 τρόπον
1375 2649 1455 2683 S.Y.
1486 2650 1530 2693 μὴ
1550 2652 1618 2682 τῶν
1633 2652 1755 2683 τοῦτον

229 2701 357 2743 τρόπον
375 2712 408 2734 v.
438 2702 505 2733 τῶν
525 2700 569 2743 μὴ
589 2702 710 2733 τοῦτον
729 2702 789 2734 τὸν
808 2703 934 2745 τρόπον
951 2702 996 2735 Ο.
1073 2698 1087 2725 f
1104 2702 1307 2748 ζηλοῦσθαι]
1333 2703 1523 2745 δηλοῦσθαι
1545 2703 1753 2736 F.S.Y.O.v.

231 2758 251 2785 [ζ
270 2755 439 2787 τοσοῦτον
459 2752 702 2798 ὑπερέχοντος]
727 2753 904 2787 τοσούτων
925 2755 1152 2798 ὑπερέχοντας
1168 2755 1212 2794 Q
1281 2753 1298 2779 h
1320 2757 1337 2788 ὁ
1359 2768 1428 2789 om.
1446 2770 1500 2801 γρ.
1519 2756 1562 2794 Q.
1620 2753 1630 2780 i
1651 2754 1750 2799 ἠξιω-

229 2807 329 2850 μένος
349 2807 495 2853 σαυτοῦ]
521 2806 724 2851 ἠξιωμενους
742 2809 845 2840 αυτοῦ
864 2822 921 2852 γρ.
944 2808 988 2846 Q.
1023 2807 1206 2851 ἠξιωμένος
1226 2810 1354 2842 σαυτὸν
1375 2809 1465 2847 RQ.
1608 2806 1626 2833 k
1649 2809 1754 2851 καλὴν

231 2875 391 2909 VVolfius.
418 2877 522 2909 καλόν
538 2889 579 2909 σε
599 2890 653 2921 γρ.
669 2876 713 2914 Q.
746 2875 946 2921 Legebatur
961 2877 1076 2911 καλὸν.
1135 2874 1144 2901 l
1166 2877 1424 2923 εὐδαιμονῆσαι]
1450 2857 1688 2921 εὐδαιμοννιᾷσαι
1711 2877 1750 2910 Β.

232 2933 262 2951 ¹¹¹
282 2929 468 2975 τοσοῦτον]
493 2930 643 2962 τοσοῦτο
663 2942 693 2962 v.
766 2935 784 2953 Π
806 2931 868 2973 μέν
887 2941 957 2963 οιῐι.
976 2942 1006 2963 v.
1079 2936 1096 2953 0
1117 2930 1342 2976 ἐλλείπωσιν]
1368 2930 1559 2964 ἐλλίπωσιν
1574 2943 1607 2964 v.
1639 2929 1750 2963 ελλεί-

231 2994 344 3024 πωμεν
366 2981 408 3016 Ο.
485 2988 504 3015 P
525 2981 599 3027 σοι]
624 2996 690 3015 σου
711 2982 755 3016 O.
831 2988 850 3015 (l
869 2983 945 3028 τὸν]
967 2985 1029 3016 τοῦ
1051 2983 1093 3016 O.
1170 2989 1184 3007 Γ
1204 2983 1452 3028 καταστήσαις]
1478 2982 1696 3027 καταστήσης
1717 2995 1747 3016 v.

232 3034 457 3077 καταστήσεις
477 3035 621 3076 F.S.Q.,
644 3042 748 3078 reete,
771 3036 800 3070 si
819 3034 858 3070 ἂν
878 3036 1046 3076 deleatur,
1069 3037 1163 3082 quod
1183 3037 1293 3070 voluit
1318 3036 1524 3071 Schaeferus.
