2009 3286
47 196 229 238 —1147‚
252 201 299 228 19.
473 189 617 227 ΚΑΤΑ
650 189 829 226 ΕΎῈΡΓ.
865 189 955 226 ΚΑΙ
991 190 1217 227 ΜΝΗΣΙΒ.
1250 190 1411 227 ΨΕΎΔ.
1588 187 1700 228 1173

175 297 414 363 παραδοὺς
454 301 560 362 ὑμῖν
590 299 957 365 μεμαρτύρηκεν.
1013 300 1295 368 σκέψασθαι
1323 308 1341 326 ¹¹
1361 300 1442 350 οῦν
1474 301 1592 362 ὑμᾶς
1630 302 1691 349 εἰ-

170 381 249 435 κός
288 383 419 433 ἐστιν
457 383 514 451 ἐξ
554 386 716 451 ἀρχῆς,
756 380 793 432 (3
838 383 1001 449 ἄνδρες
1040 385 1272 445 δικασταὶ,
1316 389 1455 433 τοῦτο
1493 387 1695 447 πρῶτον,

166 464 365 532 πότερον
392 466 485 531 ἐγὼ
512 467 701 530 ἠδίκουν
728 468 753 517 ὁ
781 465 1156 532 ἀναγκαζόμενος
1184 467 1440 535 εἰσπρᾶξαι
1466 466 1548 516 τὸν
1576 465 1695 515 Θεό-

167 553 341 617 φημον,
368 547 397 613 ὴ
426 549 696 617 Θεόφημος,
724 549 774 603 ὃς
810 550 1023 617 ὀφείλων
1058 553 1116 616 τῇ
1155 548 1293 600 πόλει
1327 548 1387 598 τὰ
1415 548 1561 611 σκεύη
1598 571 1690 599 πο-
1709 567 1749 588 20

99 655 155 696 30
167 633 256 684 λὺν
281 635 452 701 χρόνον
478 636 561 685 οὐκ
587 636 819 685 ἀπεδίδου.
866 634 946 684 ἐὰν
973 632 1067 699 γὰρ
1105 634 1207 683 καθ’
1237 633 1440 683 ἕκαστον
1466 635 1693 696 σκοπῆτε,

164 717 386 784 εὑρήσετε
437 717 519 768 τὸν
564 718 824 785 Θεόφημον
871 715 1058 768 ἅπαντα
1108 719 1372 778 ἀδικοῦντα,
1425 718 1500 766 καὶ
1546 722 1693 766 ταῦτα

164 801 250 869 οὐχ
290 803 368 852 ὑπ’
408 804 520 865 ἐμοῦ
557 802 703 865 μόνον
738 800 870 871 λόγῳ
913 801 1143 867 εἰρημένα,
1171 800 1303 851 ἀλλά
1336 803 1411 851 καὶ
1448 799 1572 851 0ὑπὸ
1611 804 1694 864 τῆς

161 889 342 949 βουλῆς
394 888 469 936 καὶ
520 891 603 936 τοῦ
654 888 958 952 δικαστηρίου
1005 884 1161 954 ψήφῳ
1209 884 1468 952 κεκριμένα.
1535 883 1692 947 ἐπειδὴ

160 969 255 1036 γὰρ
279 970 556 1036 παρέλαβον
582 970 724 1021 αὐτὸν
752 970 915 1036 1”παρὸι
944 972 1028 1033 τῆς
1064 971 1226 1035 ἀρχῆς,
1253 967 1540 1035 προσελθὼν
1568 970 1745 1037 αὑτῲ25

93 1075 142 1116 3¹
162 1058 352 1120 πρῶτον
378 1053 462 1116 μὲν
489 1053 699 1121 ἀπῄτουν
725 1053 784 1104 τὰ
811 1054 973 1116 σκεύη·
1018 1056 1080 1106 ὡς
1115 1052 1162 1103 δὲ
1188 1051 1326 1103 τοῦτό
1363 1075 1455 1115 μου
1480 1050 1692 1105 εἰπόντος·

162 1138 246 1187 οὐκ
284 1138 518 1199 ἀπεδίδου,
553 1139 751 1202 ὕστερον
784 1138 909 1206 αὐτῷ
947 1135 1211 1202 περιτυχὼν
1249 1138 1353 1202 περὶ
1392 1134 1474 1186 τὸν
1508 1135 1692 1201 Ἑρμῆν

164 1221 243 1271 τὸν
269 1221 387 1287 πρὸς
427 1226 484 1288 τῇ
523 1223 685 1272 πυλίδι
724 1219 1161 1287 προσεκαλεσάμην
1186 1219 1306 1286 πρός
1345 1243 1394 1270 τε
1429 1219 1537 1273 τοὺς
1572 1221 1691 1270 ἀπο-

161 1306 366 1359 στολέας
406 1308 482 1356 καὶ
520 1305 639 1372 πρὸς
687 1306 792 1357 τοὺς
837 1310 932 1355 τῶν
976 1306 1177 1370 νεωρίων
1218 1303 1518 1367 ἐπιμελητάς·
1564 1304 1812 1361 οῦτοι1147

158 1389 252 1455 γὰρ
279 1393 473 1454 εἰσῆγον
500 1388 605 1439 τότε
640 1388 723 1443 τὰς
751 1390 1044 1442 διαδικασίας
1078 1392 1139 1442 εἰς
1171 1387 1225 1438 τὸ
1253 1387 1558 1453 δικαστήριον
1583 1391 1690 1454 περὶ

156 1479 251 1525 τῶν
277 1478 477 1524 σκευῶν.
534 1476 594 1526 ὡς
633 1473 682 1523 δὲ
709 1476 865 1537 ἀληθῆ
907 1472 1047 1539 λέγω,
1087 1473 1266 1524 τούτων
1305 1474 1412 1535 ὑμῖν
1446 1472 1689 1539 μάρτυρας

156 1557 263 1611 τοὺς
292 1557 645 1623 κλητεύσαντας
671 1557 950 1625 παρέξομαι.

759 1658 1083 1699 ΜΑΡΤΎῬΕΣ.

87 1751 142 1793 32
224 1727 339 1779 ’Ότι
379 1729 464 1792 μὲν
502 1731 659 1780 τοίνυν
696 1728 1007 1795 προσεκλήθη
1053 1730 1126 1780 ὑπ’
1169 1732 1294 1792 ἐμοῦ,
1335 1733 1377 1780 οἱ
1419 1731 1684 1795 (Ῑκλητῆρες

156 1820 170 1838 ¹
178 1812 614 1879 μεμαρτυρήκασιν·
658 1815 720 1867 ὡς
748 1812 794 1863 δὲ
822 1814 1021 1880 εἰσήχθη
1049 1817 1110 1866 εἰς
1136 1813 1190 1864 τὸ
1218 1813 1535 1879 δικαστήριον,
1564 1812 1692 1873 λαβέ

153 1920 232 1958 μοι
259 1896 344 1961 τὴν
371 1898 631 1964 μαρτυρίαν
658 1903 752 1948 τῶν
778 1898 1090 1949 ἀποστολέων
1118 1901 1193 1948 καὶ
1219 1900 1301 1961 τῆς
1330 1899 1494 1964 ἀρχῆς.

769 1997 1075 2037 MAPTTPIA.
1702 2003 1739 2025 ¹0

85 2097 137 2138 33
217 2067 317 2118 '‘Ov
343 2067 428 2130 μὲν
455 2070 609 2118 τοίνυν
646 2067 778 2137 ᾤμην
816 2067 1076 2135 πράγματα
1113 2067 1334 2136 παρέξειν
1373 2091 1452 2131 μοι
1485 2072 1679 2129 ς’Δημο-

152 2151 304 2218 χάρην
330 2150 412 2202 τὸν
441 2152 679 2214 Παιανιέα,
710 2155 822 2217 πρὶν
848 2152 934 2216 μὲν
960 2155 1238 2219 εἰσαχθῆναι
1270 2156 1332 2205 εἰς
1368 2150 1421 2202 τὸ
1450 2151 1676 2215 δικαστή-

150 2258 265 2301 ριον,
299 2235 356 2299 ῆν
388 2235 546 2299 ἀηδὴς,
582 2234 739 2299 ἐπειδὴ
776 2236 824 2286 δὲ
860 2236 1062 2302 εἰσήχθη
1096 2237 1172 2286 καί
1213 2234 1352 2298 ἑάλω,
1379 2235 1587 2286 ἀπέδωκε
1627 2234 1681 2284 τὸ

151 2320 252 2369 καθ’
282 2318 445 2369 ἑαυτὸν
479 2320 618 2385 μέρος
657 2324 750 2370 τῶν
789 2325 986 2371 σκευῶν.
1052 2318 1104 2370 ὃν
1149 2321 1185 2369 δ’
1216 2321 1298 2370 οὐκ
1334 2318 1391 2370 ἂν
1427 2319 1586 2387 ᾠήθην
1619 2323 1733 2374 εἰςῐό

150 2409 381 2453 τοσοῦτον
419 2405 644 2468 πονηρίας
685 2406 839 2454 ἐλθεῖν
877 2402 1002 2453 ὥστε
1037 2406 1281 2467 τολμῆσαι
1323 2402 1400 2453 to'c'v
1441 2425 1555 2453 ποτε
1595 2401 1680 2466 τὴν

150 2485 294 2537 πόλιν
320 2489 651 2553 ἀποστερῆσαι
677 2486 737 2537 τὰ
763 2487 923 2551 σκεύη,
945 2491 1006 2540 εἰς
1032 2492 1236 2537 τοσοῦτο
1263 2491 1402 2537 δικῶν
1431 2488 1505 2536 καὶ
1525 2509 1681 2551 πραγ-

81 2598 138 2639 34
150 2569 312 2634 μάτων
336 2572 650 2637 προβέβηκεν.
700 2574 776 2621 καὶ
802 2571 967 2636 παρὼν
1001 2570 1086 2634 μὲν
1116 2569 1233 2637 πρὸς
1273 2574 1339 2639 τῷ
1375 2571 1679 2637 δικαστηρίῳ,

151 2653 226 2704 ὅτε
271 2654 501 2721 εἰσήγετο,
543 2655 749 2717 οὐδαμοῦ
795 2655 1147 2717 ιΙήντεδίκησεν,
1200 2654 1304 2704 οὐδὲ
1357 2653 1678 2721 ἀπεγράψατο

205 2788 223 2806 ¹¹
253 2781 312 2816 οὖν
334 2783 368 2816 S.
390 2790 425 2817 et
444 2797 500 2828 γρ.
524 2783 568 2822 Q.
619 2784 819 2828 Legebatur
839 2782 891 2826 δή.
1034 2788 1052 2805 0
1083 2783 1148 2816 ὑπὸ
1177 2783 1236 2825 τῆς
1258 2782 1407 2827 βουλῆς]
1432 2796 1486 2827 γρ.
1508 2782 1598 2827 παρὰ
1619 2783 1678 2824 τῆς

147 2837 278 2878 βουλῆς
306 2847 429 2881 margo
451 2837 492 2871 B.
515 2837 556 2870 de
578 2849 648 2882 quo
670 2837 757 2870 falsa
776 2836 913 2870 rettulit
940 2836 1117 2870 Reiskius.
1261 2842 1278 2868 Ρ
1307 2836 1397 2880 παρὰ
1420 2836 1454 2867 S.
1500 2834 1535 2867 ἐκ
1556 2835 1675 2879 vulgo,

149 2894 168 2921 q
199 2890 362 2933 κλητῆρες
384 2890 418 2922 S.
469 2890 694 2923 Scribebatur
724 2889 895 2934 κλήτορες.
1037 2894 1051 2912 Γ
1079 2889 1177 2934 μεμ.]
1211 2903 1267 2932 μοι
1297 2904 1375 2932 μεμ.
1395 2889 1432 2922 S.
1465 2888 1604 2921 librario
1634 2888 1677 2920 ad

150 2942 349 2987 proximum
369 2956 426 2985 μοι
447 2943 640 2976 aberrante.
753 2948 766 2967 S
791 2943 1012 2988 Δημοχάρην]
1039 2942 1226 2988 δημόχαριν
1245 2942 1279 2975 S.
1391 2943 1401 2966 t
1424 2941 1462 2974 ι’ίν
1485 2941 1521 2975 S.
1563 2941 1675 2987 Lege-

149 2995 252 3029 batur
272 2994 324 3038 δὴ.
438 3001 458 3020 ¹¹
479 2994 713 3042 ἠντεδίκησεν]
739 2994 951 3039 ἡντιδίκησεν
973 2996 1011 3029 F.

208 3071 303 3097 VOL.
328 3071 384 3097 lv,
928 3070 949 3094 C
