2009 3286
83 207 268 258 —1448‚
286 223 320 252 7.
824 207 1113 246 HPOOIMIA.
1624 198 1733 241 1471

210 320 302 383 οὓς,
335 320 415 372 ἐὰν
452 320 653 387 ἀκαίρως
690 320 1045 383 δυσκολαίνητε,
1079 318 1230 368 ὀκνεῖν
1266 316 1556 366 ἀνίστασθαι
1592 311 1733 375 ποιή-

209 427 335 455 σετε.
402 405 551 455 καίτοι
601 404 749 469 ε”γωγε
802 403 884 453 οὐκ
929 405 1087 468 ἀγνοῶ
1139 400 1210 451 ὅτι
1257 397 1494 451 πολλάκις
1539 397 1592 447 οὐ
1641 399 1737 448 τοῖς
1752 394 1791 435 16

210 489 385 551 αἰτίοις,
421 487 552 538 ἀλλὰ
589 492 686 540 τοῖς
724 485 942 550 ἐμποδὼν
979 486 1088 535 οὖσι
1126 489 1222 537 τοῖς
1257 480 1569 549 ὀργιζομένοις
1604 478 1739 542 ἀηδές

210 594 255 622 τι
291 575 457 623 παθεῖν
492 571 690 634 συνέβη.
746 569 872 633 ὅμως
906 570 946 619 δ’
973 568 1178 632 ἀνέστην
1210 564 1611 631 συμβουλεύσων·
1654 586 1733 613 πι-

210 655 366 706 στεύω
399 655 494 758 γὰρ
528 655 690 720 ἔγωγε,
717 652 755 704 (3
790 654 954 719 ἄνδρες
984 654 1241 715 Ἀθηναῖοι,
1270 649 1490 718 φλαύρου
1524 647 1609 712 μὲν
1643 669 1733 710 μη-

386 738 406 766 b

212 738 342 793 δενὸς
422 740 567 792 αι’τιος
611 737 676 788 ὠν
720 737 1076 804 εὑρεθήσεσθαι,
1117 736 1292 796 βελτίω
1339 735 1375 785 δ’
1418 732 1586 799 ἑτέρων
1632 733 1739 794 ὑμῖν

212 823 332 891 ἔχειν
362 827 743 887 συμβουλεῦσαι.
1758 837 1793 869 ¹5

923 908 1032 955 ΛΘ.

288 990 414 1042 Τὸιο
426 1013 511 1054 μεν
545 989 843 1056 γεγενημένα,
877 987 914 1039 ὠ
950 988 1114 1053 ἄνδρες
1147 988 1404 1050 Ἀθηναῖοι,
1440 988 1632 1036 τοιοῖῦτα
1667 984 1740 1035 οἶα

1306 1067 1326 1094 ‘¹
1342 1067 1738 1133 ἐκπεπληγμένως

212 1072 385 1126 πάντες
435 1072 681 1138 ἀκηκόατε·
741 1075 813 1123 δεῖ
859 1073 895 1123 δ’
944 1073 1062 1135 ὑμᾶς
1111 1069 1256 1134 μηδὲν

213 1160 489 1219 διακεῖσθαι,
524 1155 854 1222 λογιζομένους
891 1155 962 1206 ὅτι
999 1154 1119 1221 πρὸς
1156 1152 1242 1218 μὲν
1277 1152 1336 1203 τὰ
1370 1151 1584 1219 παρόντα
1617 1150 1732 1202 ἀθύ-

215 1264 316 1305 μως
365 1240 488 1309 ἔχειν
537 1242 642 1292 οὔτε
690 1246 786 1294 τοῖς
834 1239 1089 1307 πράγμασι
1133 1238 1417 1305 θσυμφέρον
1468 1238 1566 1287 οὔθ’
1613 1236 1742 1299 ὑμῶν
1758 1256 1800 1278 20

215 1323 352 1394 ἄξιόν
377 1327 494 1387 ἐστι,
520 1323 574 1376 τὸ
601 1324 650 1375 δὲ
676 1329 805 1375 ταῦτ’
833 1325 1122 1391 ἐπανορθοῦν
1147 1321 1314 1374 αὐτοὺς
1338 1322 1558 1386 ἡγεῖσθαι
1591 1342 1746 1385 προσ-

215 1412 329 1472 ῆκον
368 1411 444 1459 καὶ
482 1411 565 1472 τῆς
609 1408 831 1474 ὑμετέρας
870 1406 1012 1475 δόξης
1050 1407 1185 1475 ἄξιον
1223 1404 1281 1456 ἂν
1320 1405 1503 1473 φανείη.
1567 1402 1658 1470 χρὴ
1698 1401 1746 1453 δὲ

215 1492 324 1546 τοὺς
368 1492 506 1545 ὄντας
551 1491 638 1543 οἶοι
684 1491 883 1560 φήσαιτ’
924 1489 981 1541 ἂν
1028 1493 1154 1554 ὑμεῖς
1199 1487 1314 1540 εἶναι
1357 1490 1406 1538 ἐν
1446 1492 1543 1540 τοῖς
1582 1488 1747 1539 δεινοῖς

215 1576 385 1643 ἑτέρων
424 1576 732 1645 διαφέροντας
767 1576 1036 1644 φαίνεσθαι.
1100 1573 1192 1640 ἐγὼ
1230 1572 1280 1624 δὲ
1317 1574 1530 1635 οὐδαμῶς
1569 1570 1654 1633 μὲν
1688 1568 1746 1620 ἂν
1759 1591 1797 1622 25

217 1658 526 1726 fvfflovAdwyv
581 1665 730 1710 ταῦτα
792 1661 1037 1723 συμβῆναι
1094 1663 1152 1725 τῇ
1208 1657 1359 1718 πόλει,
1413 1657 1510 1706 οὐδ’
1563 1657 1750 1721 ἀτυχεῖν

219 1747 337 1810 ὑμᾶς
381 1744 527 1796 οὐδέν·
586 1750 623 1795 εἰ
676 1746 713 1796 δ’
763 1744 855 1810 ἄρα
899 1744 988 1795 ἔδει
1034 1743 1254 1809 γενέσθαι
1301 1742 1382 1791 καί
1421 1763 1466 1791 τι
1512 1737 1751 1802 δαιμόνιον

217 1834 343 1880 τοῦτ’
385 1829 610 1890 ἀπέκειτο,
650 1827 814 1894 ὥσπερ
851 1827 1130 1893 πέπρακται,
1170 1826 1229 1876 τὰ
1269 1824 1558 1890 γεγενημένα
1603 1829 1744 1872 λυσι-

218 1917 371 1964 τελεῖν
417 1912 583 1975 οἴομαι.
654 1935 713 1962 τα
758 1934 842 1973 μεν
882 1910 976 1976 γὰρ
1017 1913 1100 1973 τῆς
1145 1908 1290 1975 τύχης
1330 1908 1484 1975 ὀξείας
1529 1906 1621 1972 ἔχει
1666 1904 1750 1958 τὰς

219 1996 490 2060 μεταβολὰς
541 1998 616 2046 καὶ
668 1994 824 2048 κοινὰς
871 1995 1194 2062 ἕάμφοτεροις
1244 1992 1329 2045 τὰς
1379 1991 1661 2056 παρουσικας
1721 1988 1872 2044 ἃ1448

221 2082 258 2131 δ’
300 2078 358 2130 ἂν
397 2081 451 2130 δι’
494 2082 677 2145 ἀνδρῶν
721 2079 887 2128 κακίαν
931 2081 1140 2143 πραχθῇ,
1180 2073 1486 2136 ὴβεβαίους1
1503 2078 1630 2124 ποιεῖ
1667 2072 1752 2125 τὰς

220 2165 379 2228 ἥττας.
443 2163 596 2225 οἴομαι
640 2162 724 2225 μὲν
763 2163 844 2212 οὖν
885 2159 990 2211 οὐδὲ
1034 2183 1142 2213 τους
1187 2156 1528 2224 κεκρατηκότας
1566 2159 1752 2222 ἀγνοεῖν

222 2248 292 2299 ὅτι
319 2246 651 2311 βουληθέντων
673 2247 814 2309 ὑμῶν,
836 2247 913 2296 καὶ
938 2243 1332 2313 παροξυνθέντων
1354 2246 1419 2311 τῷ
1443 2242 1750 2309 γεγενημένῳ,

222 2333 276 2382 οὐ
313 2329 438 2382 πάνυ
476 2353 552 2381 πω
591 2333 739 2393 δῆλον
783 2329 984 2395 πότερον
1023 2328 1261 2395 εὐτύχημα
1299 2325 1328 2390 ὴ
1369 2328 1444 2376 καὶ
1482 2326 1778 2376 τούναντίον5

223 2415 378 2466 αὐτοῖς
410 2415 513 2464 ἐστὶ
550 2412 604 2464 τὸ
638 2412 984 2478 πεπραγμένον·
1026 2414 1063 2461 εἰ
1099 2412 1141 2459 δ’
1169 2409 1262 2475 ἄρα
1294 2406 1502 2475 Κέπῇρκε
1537 2406 1591 2457 τὸ
1623 2412 1747 2472 πρᾶ-

223 2521 325 2564 γμα
370 2495 536 2550 αὐτοὺς
582 2495 921 2562 θρασύνεσθαι,
960 2493 1073 2545 1κᾶν
1111 2499 1250 2544 τοῦτο
1288 2491 1454 2556 ΠΙπρὸς
1497 2492 1626 2553 ὑμῶν
1664 2491 1752 2554 ἤδη

279 2682 296 2705 b
317 2681 422 2717 αἴτιος
441 2681 503 2727 ὢν]
528 2681 573 2714 ὢν
593 2678 698 2715 αἴτιος
714 2680 756 2713 Y.
820 2687 836 2705 C
856 2679 935 2726 μὲν]
959 2679 1021 2721 μὲν
1039 2679 1105 2724 γὰρ
1121 2678 1163 2712 Y.
1229 2674 1248 2702 d
1268 2677 1551 2722 ἐκπεπληγμένως
1574 2675 1748 2709 Reiskius.

224 2735 521 2781 ἐκπεπληγμένους
539 2733 630 2767 libri.
698 2738 714 2758 θ
735 2731 915 2778 συμφέρον
937 2731 1120 2770 S.Y.Q.O.
1153 2731 1344 2776 συμφέρειν
1366 2731 1407 2764 B.
1441 2729 1640 2774 chebatur
1660 2741 1749 2771 συμ-

225 2789 336 2834 φέρει.
404 2785 418 2812 f
435 2785 647 2832 ἠβουλόμην]
673 2787 864 2830 ἐβουλόμην
883 2798 915 2819 ν.
987 2791 1007 2817 g
1026 2783 1251 2830 ἀμφοτέροις]
1275 2783 1472 2828 ἀμφοτέρας
1491 2794 1524 2815 V.
1593 2778 1606 2800 ¹¹
1628 2781 1750 2821 βεβαί-

227 2841 458 2886 ους-ἥττας]
482 2839 784 2883 βεβαίαν-ἧτταν
804 2851 837 2872 v.
981 2844 989 2862 ¹
1010 2839 1100 2871 ποιεῖ
1120 2838 1179 2872 τὰς
1198 2849 1319 2882 margo
1341 2836 1432 2874 ΥΩ.
1468 2836 1612 2868 ποιεῖται
1630 2833 1749 2877 vulgo.

230 2893 248 2920 k
272 2895 412 2940 ἐπῇρκε]
439 2892 568 2938 ἐπαίρει
587 2907 641 2937 γρ.
656 2892 697 2926 Y.
725 2892 856 2936 ἐπαίροι
876 2906 932 2936 γρ.
948 2891 994 2929 Q.
1063 2888 1070 2915 Ι
1092 2889 1151 2924 κᾶν
1166 2891 1325 2923 Wolfius.
1354 2890 1410 2922 ἐὰν
1428 2888 1550 2926 δ’,ΩΛκ
1573 2898 1641 2920 om.
1659 2885 1749 2920 Y.O.

229 2947 289 2982 κᾶν
308 2950 410 2982 τοῦτο
430 2959 499 2981 om.
519 2961 575 2991 γρ.
599 2946 643 2984 Q.
755 2951 785 2969 ¹¹¹
806 2945 890 2989 πρὸς
912 2943 1021 2989 ὑμῶν]
1045 2942 1227 2989 προθύμως
1246 2957 1301 2987 γρ.
1326 2944 1360 2975 S.

940 3016 1051 3044 ΚΓΖ).
