2009 3286
239 185 350 230 1196
766 193 1196 232 ΔΗΜΟΣΘΕΝΟὙΣ
1269 191 1352 231 On.
1371 189 1596 231 XLVIII.
1619 203 1659 245 p.
1687 200 1916 242 1171,19-

235 304 380 365 ρεΐται
426 303 568 353 αὑτοῦ
619 304 775 370 χιλίας
817 302 1030 372 δραχμὰς
1081 305 1222 371 χωρίς
1272 327 1365 355 που
1416 304 1625 367 κειμένας
1676 308 1759 353 τοῦ

237 384 391 436 ἄλλου
443 387 680 452 ἀργυρίου,
726 387 865 438 ἔπειθ’
914 388 1072 453 ἑτέρας
1117 385 1441 451 ἑβδομήκοντα
1480 391 1612 450 μνᾶς.
1685 388 1814 436 mim

236 473 384 518 ταῦτα
408 474 556 520 ποιῶν
582 469 810 521 ἐλάνθανε
834 469 917 521 τὸν
940 470 1153 522 Κόνωνα.
1201 474 1277 522 καὶ
1303 470 1357 522 τὸ
1384 471 1607 536 ἀργύριον
1634 472 1758 521 τοῦθ’

172 572 220 613 17
237 548 363 602 ἅπαν
403 550 524 619 εἶχεν
563 553 702 606 αὐτὸς
743 554 798 604 δι’
836 554 1000 604 ἑαυτοῦ
1036 555 1061 604 ὁ
1099 554 1360 620 ἄνθρωπος.
1407 555 1460 604 οὑ
1497 558 1672 622 πολλῷ
1712 553 1761 602 δὲ

234 633 392 704 χρόνῳ
437 637 650 702 ὕστερον,
689 634 726 687 ὦ
769 636 932 703 ἄνδρες
977 639 1208 700 δικασταὶ,
1251 636 1279 702 ὴ
1321 638 1450 701 ἡμεῖς
1492 636 1759 700 διειλόμεθα

235 719 319 772 τὰς
356 720 559 786 μερίδας,
593 722 778 788 ὑποψία
816 744 884 774 τις
922 721 1104 786 ἐγένετο
1138 724 1211 772 καὶ
1248 721 1473 785 αἴσθησις
1503 724 1608 787 περὶ
1640 723 1750 771 τάν·
1772 746 1808 775 25

235 802 427 867 θρώπου
465 804 646 855 τούτου”
687 803 769 855 ὒέκ
809 805 857 856 δὲ
895 805 1067 869 ταύτης
1108 808 1190 868 τῆς
1233 805 1443 872 ὑποψίας
1477 804 1622 855 ἐδόκει
1658 805 1758 868 ἐμοὶ

171 888 308 938 18καῖ
344 887 493 956 τούτῳ
523 889 903 958 Ὀλυμπιοδώρῳ
937 888 1208 954 βασανίζειν
1243 888 1326 939 τὸν
1361 888 1625 954 ἄνθρωπον.
1680 890 1757 937 καὶ

234 969 260 1018 ὁ
305 970 566 1035 ἅνθρωπος,
609 968 645 1020 ὦ
690 971 853 1037 ἄνδρες
896 974 1128 1033 δικασταὶ,
1176 971 1314 1024 αὐτὸς
1361 972 1503 1021 αὑτοῦ
1557 976 1757 1032 κατεῖπε,

232 1056 344 1120 πρὶν
388 1054 746 1120 βασανίζεσθαι,
793 1055 863 1106 ὅτι
909 1056 1067 1123 χιλίας
1112 1054 1326 1122 δραχμὰς
1368 1062 1383 1081 ⁰
1402 1055 1624 1122 ὑφέλοιτο
1674 1062 1757 1105 τοῦ

237 1137 471 1199 Κόνωνος,
499 1142 574 1189 καὶ
599 1139 690 1208 ἔφη
723 1138 837 1190 εἶναι
875 1140 984 1206 παρ’
1013 1140 1162 1206 ἑαυτῷ
1188 1138 1306 1189 ὅσον
1331 1138 1396 1201 μὴ
1422 1137 1480 1202 ἧν
1506 1138 1753 1202 ἀνηλωμέ-
1776 1158 1881 1199 1172

233 1241 331 1272 νον·
384 1226 490 1288 περὶ
526 1223 574 1273 δὲ
599 1229 683 1273 τοῦ
717 1225 934 1276 πλείονος
973 1223 1196 1288 ἀργυρίου
1229 1223 1320 1272 οὐδ’
1350 1223 1506 1272 ὁτιοῦν
1530 1220 1683 1272 ᾱεῖπεν
1709 1224 1756 1272 ἐν

230 1310 297 1375 τῷ
347 1306 452 1357 τότε
503 1306 673 1377 χρόνῳ.
737 1310 812 1358 καὶ
858 1308 1121 1358 ἀποδίδωσι
1171 1308 1276 1372 περὶ
1325 1306 1576 1374 ἑξακοσίας
1627 1305 1755 1360 τινὰς

168 1390 462 1458 19δραχμάς.
519 1393 594 1442 καὶ
635 1391 802 1442 τούτου
840 1396 923 1441 τοῦ
963 1391 1199 1456 ἀργυρίου,
1238 1390 1291 1440 οὗ
1332 1389 1568 1441 ἀπέδωκεν
1611 1391 1635 1439 ὁ
1675 1390 1755 1441 ἅν-

232 1478 432 1539 θρωπος,
472 1480 629 1530 καλῶς
667 1478 741 1525 καὶ
783 1476 967 1528 δικαίως
1007 1475 1126 1525 κατὰ
1165 1475 1272 1528 τοὺς
1308 1475 1471 1541 ὅρκους
1512 1476 1590 1529 οὓς
1629 1476 1782 1539 ὠμό-,ς

230 1580 385 1621 σαμεν
421 1559 550 1621 ἡμεῖς
589 1561 663 1608 καὶ
700 1558 842 1608 θκατοὶ
867 1557 950 1612 τὰς
977 1558 1215 1622 συνθήκας
1254 1559 1338 1613 τὰς
1378 1560 1586 1622 κειμένας
1623 1560 1753 1626 παρὰ

229 1645 296 1710 τῷ
332 1642 669 1707 Ἀνδροκλείδῃ
707 1641 761 1691 τὸ
800 1640 884 1705 μὲν
918 1642 1066 1705 ἥμισυ
1104 1641 1196 1706 ἐγὼ
1231 1641 1420 1703 ἔλαβον,
1448 1640 1501 1691 τὸ
1535 1643 1575 1690 δ’
1605 1642 1751 1705 ἥμισυ

163 1751 215 1780 20
230 1726 393 1775 οὑτοσὶ
429 1724 837 1790 Ὀλυμπιόδωρος.
899 1724 1017 1788 μετὰ
1056 1724 1104 1775 δὲ
1139 1725 1266 1775 ταῦτ’
1296 1725 1350 1774 οὑ
1385 1728 1557 1793 πολλῷ
1593 1724 1748 1794 χρόνῳ

229 1807 427 1872 ὕστερον
453 1808 501 1857 ἐκ
526 1806 697 1870 ταύτης
732 1810 814 1870 τῆς
842 1808 1049 1875 ὑποψίας
1075 1811 1157 1871 τῆς
1182 1808 1301 1874 πρὸς
1327 1808 1409 1858 τὸν
1436 1808 1615 1871 οἰκέτην
1643 1812 1747 1872 περὶ
1767 1837 1804 1857 ιο

227 1896 310 1941 τοῦ
336 1892 558 1957 ἀργυρίου
593 1891 646 1941 οὗ
672 1892 921 1954 ἀπέδωκεν,
949 1892 1089 1955 ε”δησε
1127 1891 1210 1942 τὸν
1237 1891 1487 1957 ἄνθρωπον
1522 1895 1596 1942 καὶ
1633 1895 1744 1953 ε’βα-

227 1973 428 2025 σάνισεν
472 1973 610 2028 αὑτὸς
661 1975 758 2043 [ἐφ’
807 1976 984 2037 ἑαυτοῦ,
1037 1976 1158 2039 ἡμᾶς
1209 1974 1257 2026 δὲ
1309 1977 1362 2026 οὑ
1412 1975 1751 2042 παρεκάλεσεν,

226 2057 483 2122 ὀμωμοκὼς
522 2062 653 2125 κοινῇ
693 2058 911 2125 ζητήσειν
950 2063 1023 2110 καὶ
1062 2059 1261 2128 πράξειν
1298 2061 1395 2123 μετ’
1430 2061 1541 2123 ἐμοῦ
1579 2059 1748 2112 πάντα.

161 2169 204 2196 21
227 2145 302 2193 καὶ
341 2144 366 2192 ὁ
405 2142 665 2208 ἄνθρωπος,
703 2141 739 2193 ὦ
775 2143 936 2210 ἄνδρες
960 2139 1207 2206 δικασταὶ,
1243 2144 1622 2206 κατατεινόμενος
1660 2144 1800 2194 ὑπὸῐ5

225 2229 308 2289 τῆς
343 2227 562 2287 βασάνου
596 2227 1015 2292 προσωμολόγησε
1055 2230 1129 2277 καὶ
1162 2227 1246 2280 τὰς
1280 2228 1605 2290 ἑβδομήκοντα
1631 2232 1749 2288 μνᾶς

226 2309 467 2377 εἰληφέναι
517 2318 537 2346 g
556 2309 844 2378 ὑφελόμενος
893 2310 1126 2372 Κόνωνος,
1167 2312 1243 2361 καὶ
1287 2312 1577 2361 ἀποδίδωσιν
1621 2309 1749 2361 ἅπαν

226 2392 279 2443 τὸ
307 2392 529 2459 ἀργύριον
564 2399 702 2443 τοῦτο
733 2394 1114 2463 Ὀλυμπιοδώρῳ
1153 2395 1318 2463 τούτῳ.
1375 2395 1466 2460 ἐγὼ
1506 2396 1561 2456 δ’,
1590 2393 1626 2445 ὦ
1659 2395 1741 2445 ἀν-

1603 2477 1620 2503 n

226 2478 329 2541 δρες
365 2478 597 2538 δικασταὶ,
630 2475 785 2540 ἐπειδὴ
823 2478 1062 2542 ἐπυθόμην
1091 2481 1196 2544 περὶ
1228 2481 1311 2542 τῆς
1344 2478 1563 2538 βασάνου
1629 2480 1740 2528 τάν-

224 2560 416 2625 θρώπου
442 2563 517 2610 καὶ
544 2560 612 2611 ὅτι
639 2560 944 2615 ἀποδεδωκώς
982 2563 1049 2626 εἴη
1085 2562 1140 2612 τὸ
1166 2562 1404 2628 ἀργύριον,
1430 2561 1637 2627 ἐνόμιζόν
1664 2585 1743 2625 μοι
1761 2588 1799 2610 20

280 2741 299 2768 b
319 2744 355 2777 ἐκ
376 2744 429 2790 δὲ]
455 2745 489 2778 ἐκ
509 2745 548 2788 δὴ
569 2746 644 2779 A.r.
756 2749 771 2768 ⁰
792 2744 974 2792 ὑφέλοιτο]
999 2744 1163 2791 ὑφείλετο
1183 2744 1314 2783 ΡΜΞΩ
1416 2741 1434 2769 d
1455 2740 1564 2791 εἶπεν]
1590 2741 1685 2781 dn&
1706 2747 1744 2781 F.

227 2802 242 2820 e
263 2798 344 2831 κατὰ
365 2803 445 2831 ante
466 2799 522 2833 τὰς
545 2810 613 2831 om.
636 2810 663 2831 Γ.
792 2795 805 2822 f
824 2798 897 2844 ἐφ’]
922 2799 983 2844 ἀφ’
1005 2800 1076 2833 Am.
1213 2804 1233 2831 g
1254 2798 1465 2844 ὑφελόμενος
1487 2799 1655 2845 Κόνωνος]
1680 2800 1745 2834 ὑπὸ

706 2859 725 2877 α

226 2884 374 2925 κόμωνος
394 2884 605 2929 ὑφελόμενος
625 2886 666 2918 Α.
700 2885 765 2920 ὑπὸ
786 2887 935 2929 κόμωνος
955 2886 1165 2931 ὑφελόμενος
1186 2898 1214 2920 r.
1328 2882 1346 2909 h
1367 2884 1583 2931 τάνθρώπου]
1605 2889 1666 2921 τοῦ
1685 2887 1741 2921 ἀν-

227 2934 363 2979 θρώπου
386 2937 419 2970 S.
