2009 3286
529 575 753 623 ADDEN
759 575 848 622 DA
884 574 964 622 ET
999 573 1336 623 CORRIGEN
1341 574 1443 622 DA.

894 873 1027 914 VOL.
1061 873 1097 914 Ι.

288 1015 328 1050 P.
349 1026 387 1062 4.
408 1020 483 1050 not.
505 1021 538 1050 x.
568 1014 798 1061 παραλαβεῖν]
830 1015 1044 1060 παραβαλεῖν
1064 1013 1109 1049 O.
1171 1012 1320 1061 Corriye
1344 1012 1576 1059 παραβαλεῖν]
1600 1013 1754 1058 παραλα-

232 1081 308 1122 βεῖν
327 1079 373 1115 Ο.

290 1144 331 1178 Ρ.
356 1153 391 1190 7.
412 1148 489 1178 not.
511 1140 532 1178 i.
552 1143 672 1188 γένους
691 1142 754 1189 F.]
778 1143 877 1187 γένος
897 1142 936 1175 F.

289 1207 330 1241 P.
352 1218 366 1241 Ι
379 1217 412 1241 2.
433 1207 496 1241 lin.
521 1214 555 1252 7.
575 1205 761 1252 προσέχει]
785 1206 927 1251 προέχει

291 1272 332 1306 Ρ.
355 1271 415 1306 16.
435 1276 512 1305 not.
534 1267 556 1305 l.
586 1270 666 1304 libri
694 1281 945 1304 omnes—om.
976 1268 1132 1315 codices]
1164 1269 1245 1304 libri
1270 1275 1420 1316 excepto
1448 1269 1480 1303 Y
1509 1279 1758 1304 omnes—om.

236 1336 378 1371 codices
392 1340 520 1382 praeter
538 1335 582 1369 Y.

292 1400 333 1434 P.
358 1411 420 1434 21.
441 1404 518 1434 not.
537 1403 567 1433 ὃ.
588 1397 697 1444 Α.Β.]
721 1396 853 1432 A.B.S.

292 1464 333 1499 P.
357 1474 419 1510 23.
444 1472 506 1510 25.
535 1471 596 1509 27.
626 1473 687 1509 29.
719 1461 757 1495 in
792 1472 930 1495 summa
961 1461 1092 1507 pagina
1123 1465 1413 1495 ΟΛΥΝΘῙΑΚΟΣ
1447 1459 1506 1507 Α.]
1544 1464 1762 1494 ΟΛΥΝΘΙΑ-

238 1531 324 1563 ΚΟΣ
345 1528 388 1562 Β.

293 1592 334 1628 Ρ.
360 1602 421 1638 23.
442 1596 517 1626 not.
533 1587 558 1626 f.
576 1590 734 1624 deleatur
751 1593 839 1629 tota,
860 1588 1026 1623 restituto
1046 1588 1142 1634 quod
1160 1588 1344 1635 legebatur
1363 1588 1474 1624 οὐδεὶς
1491 1588 1601 1622 ἔστιν.

294 1655 336 1690 P.
362 1665 422 1702 25.
438 1659 514 1689 not.
535 1659 581 1689 m.
601 1651 788 1698 περαινεῖν]
807 1653 982 1697 παραινεῖν

294 1718 338 1754 Ρ.
362 1717 423 1753 26.
446 1723 522 1752 not.
535 1714 569 1751 h,
589 1716 727 1763 vulgo.]
751 1716 871 1762 vulgo.
894 1729 919 1749 σ
938 1726 1077 1749 erasum
1096 1715 1134 1749 in
1155 1714 1189 1749 S.
1275 1720 1351 1750 not.
1374 1711 1396 1749 ἰ.
1419 1712 1573 1760 S.Y.O.]
1597 1712 1767 1750 Deleamr

240 1782 342 1817 litera
362 1782 398 1817 S.
510 1786 586 1816 not.
608 1777 632 1816 Ῑ.
654 1779 815 1826 οὐδένως]
840 1779 987 1814 οὐδένων

297 1846 336 1881 Ρ.
361 1854 423 1891 27.
445 1850 521 1880 not.
542 1851 577 1878 ¹1.
600 1843 810 1891 συγκρίψαι]
835 1842 1038 1889 συγκρύψαι

298 1910 339 1945 P.
361 1920 426 1956 32.
447 1915 522 1944 not.
543 1915 575 1945 Y.
599 1909 691 1955 S.n.]
717 1909 791 1943 S.v.

298 1974 340 2009 P.
363 1980 427 2020 37.
450 1975 468 2017 §
498 1984 556 2020 19,
574 1983 609 2019 3.
631 1973 700 2007 εἶσι
719 1979 800 2019 post
821 1972 942 2008 οἵτινες
962 1983 1033 2007 om.
1059 1972 1093 2006 S.

299 2038 340 2072 P.
360 2048 422 2083 41.
438 2043 514 2072 not.
535 2043 578 2072 ¹¹².
596 2038 627 2071 Y
647 2043 728 2083 post
747 2038 897 2083 Dionys.
920 2037 1091 2071 deleatur.

301 2103 342 2138 P.
364 2114 432 2149 42.
449 2108 523 2137 not.
544 2108 578 2138 P.
600 2101 658 2148 F.]
683 2102 766 2137 RS.

301 2167 340 2201 P.
366 2175 429 2214 57.
451 2172 527 2201 not.
550 2173 577 2201 Γ.
602 2166 656 2213 S.]
682 2179 735 2213 pr.
759 2166 795 2200 S.

302 2231 342 2266 P.
363 2229 426 2278 58.
446 2236 523 2266 not.
545 2235 588 2265 m,
609 2230 647 2264 in
664 2231 830 2265 lemmate
844 2243 878 2264 τι
892 2233 1050 2263 mutetur
1070 2228 1107 2262 in
1126 2241 1193 2262 τινι

302 2295 342 2329 Ρ.
364 2294 427 2330 60.
447 2299 524 2329 not.
547 2300 589 2329 11¹.
609 2300 763 2340 ponatur
781 2293 911 2339 uncus]
931 2298 1013 2339 post
1032 2291 1153 2327 ἅπανθ’
1175 2297 1211 2326 et
1230 2291 1388 2326 deleatur
1407 2291 1509 2326 litera
1527 2293 1569 2326 A.

303 2360 344 2396 P.
366 2357 430 2405 63.
452 2364 529 2393 not.
550 2355 582 2394 b,
603 2359 696 2392 Nam
716 2358 782 2404 sie]
808 2358 900 2392 Nam
920 2357 959 2391 hi

303 2424 345 2459 P.
368 2422 432 2469 63.
454 2425 472 2467 §
496 2433 532 2470 5,
559 2421 595 2458 6.
617 2422 820 2469 ἁμαρτάνειν
840 2421 940 2468 ὑμᾶς]
964 2420 1218 2456 Revocandum
1238 2420 1324 2464 ὑμᾶς
1341 2420 1556 2465 ἁμαρτάνειν.
1614 2418 1707 2453 Nam
1735 2418 1773 2452 in

251 2489 287 2524 S.
307 2488 476 2534 appositae
496 2492 579 2521 sunt
596 2487 747 2528 lineolae,
763 2498 913 2533 quarum
932 2486 975 2521 de
1004 2485 1263 2532 significatione
1283 2485 1358 2519 dixi
1385 2484 1431 2519 ad
1458 2497 1494 2530 p.
1519 2482 1608 2524 228,
1635 2495 1695 2519 10.
1716 2483 1772 2518 ed.

251 2553 373 2587 Reisk.

306 2617 346 2650 P.
363 2615 425 2662 65.
445 2620 521 2649 not.
543 2620 574 2648 Π.
596 2614 746 2648 διοικιεῖν
765 2614 802 2649 S.
825 2618 861 2648 et
879 2613 1127 2659 ρι’.-διοικεῖν
1146 2611 1272 2658 vulgo]
1298 2611 1448 2646 διοικιεῖν
1467 2610 1715 2657 ΡΓ.--διοικεῖν
1736 2609 1772 2644 S.

251 2686 288 2715 et
304 2680 421 2725 vulgo.

308 2744 348 2778 P.
363 2742 429 2789 67.
449 2748 523 2776 not.
543 2739 576 2775 h·
604 2741 648 2776 In
669 2741 704 2775 S.
724 2741 839 2787 primo
859 2740 1029 2786 scriptum
1047 2739 1116 2774 fuit
1134 2739 1254 2774 ἅλλασ
1278 2736 1286 2788 Ι
1310 2739 1366 2780 ὡς,
1387 2738 1483 2784 quod
1503 2738 1539 2771 in
1558 2736 1650 2771 ἀλλὰ
1674 2733 1680 2785 Ι
1705 2738 1776 2772 σῶς

253 2813 429 2843 mutatum
448 2807 551 2841 litera
570 2820 594 2839 σ
614 2818 656 2840 ex
671 2807 742 2840 fine
760 2817 882 2840 versus
901 2805 938 2839 in
957 2804 1110 2850 proximi
1128 2804 1270 2839 initium
1289 2803 1471 2839 translata.

310 2873 350 2906 P.
370 2883 432 2917 7²·
454 2876 530 2905 not.
553 2867 575 2904 i,
597 2870 760 2916 recenti.]
785 2870 929 2905 recenti.
960 2869 1007 2903 Et
1022 2869 1072 2904 sic
1090 2869 1210 2915 vulgo.

312 2937 349 2969 P.
374 2946 434 2981 73.
456 2940 529 2969 not.
546 2931 568 2968 i,
591 2933 728 2980 vulgo]
753 2946 842 2969 corr.
866 2934 903 2968 S.
926 2938 964 2967 et
979 2932 1099 2978 vulgo.

312 3000 351 3033 P.
375 3011 436 3046 92.
458 3004 532 3032 not.
556 2996 576 3033 f.
598 3004 678 3043 post
697 2997 934 3043 τιμωρήσεσθε
955 2996 1085 3032 excidit
1104 2996 1192 3042 sigla
1213 2996 1249 3029 S.

938 3061 991 3099 *Y
1027 3073 1051 3113 y
1077 3070 1099 3097 2
