2009 3286
113 252 297 302 —1386‚
320 269 367 293 14.
792 256 935 293 ΚΑΤΑ
967 256 1217 293 ΝΕΑΙΡΑΣ.
1652 253 1765 296 1409

148 379 224 420 153
315 365 552 432 Θαυμάζω
585 368 623 417 δ’
652 367 802 432 ε”γωγε
839 368 888 417 τί
921 389 1036 418 ποτε
1070 370 1177 418 ι’καὶ
1212 368 1372 433 ἐροῦσι
1409 365 1528 432 πρὸς
1567 368 1684 429 ὑμᾶς
1717 368 1765 416 ἐν

240 453 298 517 τῇ
341 452 591 519 ἀπολογίᾳ,
632 451 832 517 πότερον
877 453 939 504 ὡς
984 450 1111 515 ἀστή
1157 452 1261 502 ἐστι
1302 450 1484 517 Νέαιρα
1527 451 1644 514 αὕτη
1690 452 1765 501 καὶ

241 533 359 584 κατὰ
397 533 503 588 τοὺς
549 534 716 598 νόμους
762 540 972 586 συνοικεῖ
1005 536 1195 605 ςαύτειῖη
1246 534 1378 586 ἀλλὰ
1415 533 1766 600 μεμαρτύρηται

240 619 398 684 ἑταίρα
435 620 557 670 οὖσα
594 621 670 670 καὶ
706 618 854 683 δούλη
890 620 1152 684 Νικαρέτης
1186 618 1488 685 γεγενημένη.
1545 620 1655 669 ἀλλ’
1684 619 1765 668 t013

240 707 437 766 γυναῖκα
475 701 589 754 εῖναι
627 704 782 765 αὐτοῦ,
819 702 951 754 ἀλλὰ
985 703 1244 767 παλλακὴν
1282 702 1402 769 ἔχειν
1441 702 1606 764 {mom
1653 703 1762 752 ἀλλ’
1780 724 1819 745 ²0

240 790 282 836 οἱ
307 790 468 840 παῖδες
494 787 666 851 ταύτης
692 786 821 840 ὄντες
848 791 922 838 καὶ
949 788 1220 853 εἰσηγμένοι
1247 791 1309 840 εἰς
1334 784 1474 839 “τοὺς
1496 785 1766 854 Χφράτερας

242 870 332 922 ὑπὸ
367 871 615 940 Στεφάνου
653 873 728 922 καὶ
767 872 794 935 ἡ
832 871 1043 938 θυγάτηρ
1080 873 1212 937 ἀνδρὶ
1249 870 1487 939 Ἀθηναίῳ
1522 872 1768 921 ἐκδοθεῖσα

150 959 511 1024 154περιφανῶς
554 954 699 1020 αὐτὴν
738 956 1059 1023 ἀποφαίνουσι
1098 960 1296 1021 γυναῖκα
1334 954 1516 1022 ἔχοντα.
1579 957 1641 1008 ὡς
1683 954 1768 1017 μὲν

241 1040 397 1090 τοίνυν
424 1041 506 1090 οὐκ
537 1042 693 1104 ἀληθῆ
726 1041 828 1090 ἐστὶ
863 1038 922 1090 τὰ
957 1038 1315 1105 κατηγορημένα
1349 1040 1425 1088 καὶ
1463 1060 1760 1104 μεμαρτυρη-

241 1125 372 1187 μένα,
400 1125 491 1176 οὕτ’
522 1124 664 1175 αὐτὸν
692 1124 938 1193 Στέφανον
971 1125 1067 1175 οὔτ’
1096 1123 1250 1174 ἄλλον
1286 1122 1400 1189 ὑπὲρ
1433 1121 1600 1173 τούτου
1640 1119 1766 1185 οἶμαι
1781 1144 1819 1175 25

241 1210 498 1277 ἐπιδείξειν,
533 1211 595 1262 ὡς
633 1209 765 1259 ἔστιν
802 1207 928 1272 ἀστὴ
962 1207 1143 1274 Νέαιρα
1178 1208 1310 1272 αὕτη·
1353 1206 1506 1258 ἀκούω
1543 1206 1592 1258 δὲ
1626 1205 1767 1257 αὐτὸν

241 1291 452 1343 τοιοῦτόν
490 1315 535 1343 τι
576 1291 771 1355 μέλλειν
812 1294 1173 1357 ἀπολογεῖσθαι,
1213 1294 1276 1344 ὡς
1315 1291 1368 1342 οὐ
1406 1295 1603 1356 γυναῖκα
1640 1289 1768 1357 Υὲχει

243 1375 402 1441 αὐτὴν,
430 1378 539 1428 ἀλλ’
569 1377 768 1443 ἑταίραν,
801 1378 877 1427 καὶ
914 1380 957 1427 οὶ
994 1379 1155 1430 παῖδες
1194 1377 1277 1427 οὐκ
1312 1378 1404 1426 εἰσὶ
1438 1375 1623 1440 ταύτης,
1655 1376 1765 1425 ἀλλ’

244 1462 331 1530 Ζέξ
354 1462 510 1527 ἑτερας
536 1460 753 1527 γυναικὸς
781 1463 906 1530 αὐτῷ
932 1463 1097 1525 ἀστῆς,
1126 1461 1181 1526 ἥν
1209 1465 1333 1528 φησι
1365 1460 1595 1527 πρότερον
1620 1462 1768 1525 γῆμαι

153 1568 168 1594 J
175 1565 231 1609 55
245 1550 455 1613 συγγενῆ
490 1548 646 1598 αὑτοῦ.
699 1544 818 1611 πρὸς
851 1544 907 1609 δὴ
940 1544 1026 1609 τὴν
1059 1545 1292 1595 ἀναίδειαν
1328 1544 1468 1594 αὑτοῦ
1503 1549 1586 1594 τοῦ
1621 1543 1769 1608 λόγου
1790 1552 1896 1606 1386

245 1633 320 1681 καὶ
362 1631 448 1694 τὴν
485 1628 791 1696 παρασκευὴν
829 1632 911 1694 τῆς
954 1628 1216 1694 ἀπολογίας
1262 1629 1338 1678 καὶ
1382 1631 1477 1677 τῶν
1520 1631 1771 1692 μαρτυρεῖν

245 1714 371 1782 αὐτῷ
403 1713 863 1779 παρεσκευασμένων
896 1710 1166 1778 πρόκλησιν
1199 1709 1341 1760 αὐτὸν
1372 1707 1770 1775 προεκαλεσάμην

246 1797 416 1862 ἀκριβῆ
453 1797 527 1846 καὶ
562 1797 756 1857 δικαίαν,
785 1796 837 1845 δι’
868 1794 923 1859 ἧς
958 1795 1069 1863 ἐξῆν
1095 1795 1236 1858 “ὑμῖν
1262 1791 1454 1844 ῦπάντα
1487 1795 1673 1856 τάληθῆ
1710 1797 1799 1845 εἱ-5

247 1879 386 1942 δέναι,
412 1882 702 1945 παραδοῦναι
731 1879 814 1933 τὰς
841 1879 1125 1944 θεραπαίνας
1152 1878 1234 1931 τὰς
1263 1878 1446 1946 Νεαίρᾳ
1471 1875 1576 1927 τότε
1607 1899 1766 1942 προσ-

248 1963 579 2030 καρτερούσας,
608 1963 670 2014 ὅτ’
697 1962 842 2027 ἦλθεν
869 1966 931 2017 ὡς
958 1963 1204 2030 Στέφανον
1231 1963 1280 2012 ἐκ
1308 1960 1562 2027 Μεγάρων,
1585 1965 1769 2029 οΘρᾷτ-

247 2070 334 2097 ταν
372 2050 448 2098 καὶ
490 2049 803 2112 Κοκκαλίνην,
844 2049 919 2098 καὶ
958 2045 1011 2100 ἃς
1055 2048 1253 2112 ὕστερον
1290 2044 1422 2111 παρὰ
1458 2044 1609 2114 τούτῳ
1648 2046 1771 2095 οὖσα

158 2143 235 2196 156
250 2129 268 2156 ‘¹
286 2131 533 2195 ἐκτήσατο,
578 2133 813 2186 εΞεννίδα
857 2134 931 2182 καὶ
977 2132 1208 2197 Δροσίδα·
1259 2130 1306 2181 αἳ
1352 2130 1518 2180 ’ίσασιν
1564 2132 1770 2196 ἀκριβῶς

250 2215 494 2284 Πρόξενόν
532 2239 580 2266 τε
627 2215 709 2267 τὸν
747 2217 1100 2280 τελευτήσαντα
1142 2217 1216 2266 καὶ
1254 2214 1528 2281 Ἀρίστωνα
1567 2213 1649 2266 τὸν
1689 2220 1769 2265 νῦν
1787 2242 1823 2263 ιο

249 2300 363 2350 ὄντα
402 2303 477 2351 καὶ
514 2302 849 2367 Ἀντιδωρίδην
888 2300 970 2351 τὸν
1007 2298 1474 2365 ίσταδιαδρομοῦντα
1512 2300 1587 2349 καὶ
1627 2298 1770 2349 Φανὼ

248 2385 335 2448 τὴν
363 2384 650 2451 Στρυβήλην
678 2384 986 2449 καλουμένην,
1012 2382 1041 2447 ἢ
1069 2383 1289 2448 Θεογένει
1323 2388 1390 2452 τῷ
1421 2382 1771 2444 βασιλεύσαντι

250 2468 513 2537 συνῴκησε,
541 2469 745 2535 Νεαίρας
779 2467 933 2522 ὄντας.
990 2469 1065 2518 καὶ
1099 2467 1179 2518 ἐὰν
1215 2468 1437 2535 φαίνηται
1471 2469 1520 2517 ἐκ
1556 2470 1637 2529 τῆς
1672 2472 1766 2527 ,Βα-

251 2552 402 2602 σάνου
434 2552 588 2616 γήμας
624 2553 866 2619 Στέφανος
906 2553 1067 2602 οὑτοσὶ
1106 2550 1260 2615 ἀστὴν
1292 2557 1490 2617 γυναῖκα
1528 2555 1602 2602 καὶ
1642 2550 1771 2604 ὄντες

307 2699 320 2716 Γ
340 2693 393 2726 καὶ
413 2704 482 2725 om.
503 2704 529 2725 r.
606 2698 619 2715 S
640 2692 745 2739 αὐτῷ]
768 2693 851 2736 αὐτῇ
872 2706 898 2727 ι’.
988 2692 1001 2718 t
1021 2693 1077 2739 οὐ]
1102 2692 1161 2727 οὖν
1182 2706 1213 2728 ν.
1299 2698 1318 2717 ¹¹
1338 2693 1417 2728 τοὺς
1437 2705 1506 2728 om.
1528 2706 1555 2726 r.
1640 2698 1658 2716 Χ
1679 2692 1770 2738 φρά-

252 2746 366 2791 τερας]
392 2746 615 2779 scribebatur
634 2747 809 2791 φράτορας
829 2747 885 2780 hic
905 2752 941 2781 et
960 2759 994 2792 p.
1019 2746 1128 2792 1386,
1150 2756 1206 2793 17.
1351 2752 1369 2780 Y
1389 2746 1478 2792 ἔχει]
1502 2747 1593 2791 ἔχειν
1612 2758 1674 2780 r.v.
1715 2746 1771 2779 Sic

255 2800 359 2833 etiam
383 2800 431 2836 S„
453 2800 514 2833 sed
534 2813 551 2833 ν
571 2811 651 2833 eum
671 2805 815 2844 puncto.
913 2806 931 2824 Ζ
952 2801 990 2845 ἐξ
1008 2813 1077 2834 0111.
1098 2813 1124 2835 r.
1228 2806 1246 2825 a
1266 2799 1359 2845 ὑμῖν]
1385 2800 1462 2843 ἡμῖν
1480 2812 1508 2833 1·.
1605 2796 1624 2823 b
1643 2798 1768 2843 πάντα]

253 2852 384 2886 ἅπαντα
406 2852 560 2887 Y.O.r.v.
654 2859 670 2877 (ἶ
692 2852 863 2898 Θρᾷτταν]
887 2854 1029 2899 θρέττον
1051 2855 1086 2889 S.
1173 2850 1191 2878 d
1212 2853 1379 2897 ἐκτήσατο
1399 2865 1471 2888 om.
1492 2865 1519 2887 Γ.
1604 2858 1620 2876 ⁰
1640 2852 1773 2896 ξεννίδιι

257 2906 461 2941 l‹'.s.Y.().1-.
483 2912 517 2939 et
537 2912 713 2940 correctus
733 2908 779 2945 Q.
820 2907 866 2940 Et
886 2907 934 2941 sic
954 2907 1073 2952 vulgo.
1112 2908 1233 2942 Ξενίδα
1256 2906 1393 2951 scripsit
1414 2906 1577 2940 Reiskius
1598 2918 1640 2939 ex
1662 2906 1715 2943 130,
1737 2906 1772 2938 in

257 2972 327 3004 quo
354 2959 420 2992 hoc
444 2971 572 2993 nomen
599 2959 721 2993 incidit
744 2960 778 2993 in
804 2966 939 3005 partem
964 2961 1037 2994 folii
1062 2962 1223 3000 laceram,
1243 2973 1263 2994 a
1284 2972 1389 2993 manu
1410 2959 1540 2993 recenti
1562 2959 1772 3004 suppletam.

259 3013 376 3046 Prima
399 3013 528 3046 codicis
552 3025 676 3046 manus
696 3013 751 3047 vix
773 3014 922 3047 dubitari
943 3019 1060 3059 potest
1080 3014 1165 3060 quin
1185 3014 1318 3058 ξεννίδα
1337 3012 1525 3058 scripserit,
1547 3018 1586 3046 ut
1606 3024 1639 3057 p.
1663 3010 1773 3057 1387,

262 3077 274 3099 1
287 3066 320 3099 8.
344 3066 403 3099 ubi
423 3066 534 3110 ξενίδο
554 3067 721 3111 seriptum
743 3078 817 3101 csse
838 3067 925 3101 falso
946 3067 1051 3101 refert
1073 3067 1248 3101 Reiskius.
1371 3063 1385 3090 s
1402 3066 1718 3111 σταδιοδρομοῦντα
1740 3066 1775 3099 S.

259 3119 481 3153 Scribebatur
501 3120 824 3163 σταδιοδρομοῦντα.
