2009 3286
271 187 383 228 1478
798 185 1261 241 [ΔΗΜΟΣΘΕΝΟΤΣ]
1648 198 1687 238 p.
1710 192 1831 235 1454,
1848 195 1923 219 8-

269 300 526 362 Ἀθηναῖοι,
570 300 702 354 ἰ’σους
744 299 975 365 ἀκροατὰς
1020 298 1135 364 ὑπὲρ
1189 301 1317 361 ὑμῶν
1366 298 1520 348 αὐτῶν
1561 295 1796 362 γενέσθαι,

271 384 346 431 καὶ
387 381 453 445 μὴ
492 381 596 451 Ιςτῷ
629 387 867 450 προῆχθαι
909 380 1017 435 τοὺς
1052 381 1228 446 λόγους
1263 380 1504 432 ἐπαινέσαι
1539 379 1646 431 τοὺς
1681 377 1791 429 τού-

269 486 364 513 των
401 469 693 532 φιλονεικεῖν.
746 467 799 515 οὐ
839 464 933 530 γὰρ
973 464 1029 514 ἂν
1071 464 1296 530 ὑμετέραν
1335 465 1500 515 κακίαν
1541 464 1688 515 οὐδεὶς
1729 461 1795 512 ἔτι
1812 484 1850 504 10

270 548 435 612 κρίναι,
476 552 512 597 εἰ
553 548 776 614 λέγοντός
814 571 937 601 τινος
974 546 1040 597 Ῑεῧ
1085 548 1484 613 παρεκρούσθητε,
1525 545 1656 596 ἀλλὰ
1700 549 1796 596 τῶν

270 632 345 681 ἐπὶ
383 631 532 701 τούτῳ
573 632 789 696 σπουδὴν
818 631 1166 696 ποιησαμένων,
1194 632 1320 684 ὅπως
1359 633 1476 694 ὑμᾶς
1511 627 1790 698 ωέξαπατή-

271 736 457 765 σουσιν.

977 792 1094 839 ΜΖ.

345 891 494 956 Οἶμαι
539 892 719 946 πάντας
760 892 818 943 ἂν
863 895 994 956 ὑμᾶς,
1037 890 1074 942 ὦ
1119 892 1282 959 ἄνδρες
1325 897 1580 956 Ἀθηναῖοι,
1625 895 1792 961 φῆσαι,

268 973 299 1024 ἃ
335 976 572 1037 βέλτιστα
613 977 811 1028 ἕκαστος
850 977 1027 1040 ἡγεῖται
1070 979 1128 1042 τῇ
1162 974 1315 1038 πόλει,
1347 976 1613 1035 βούλεσθαι
1647 980 1794 1025 ταῦτα
1809 990 1844 1022 15

267 1063 551 1126 πραχθῆναι.
609 1060 864 1123 συμβαίνει
904 1060 960 1109 δέ
991 1081 1045 1124 γε
1085 1059 1150 1123 μὴ
1186 1059 1335 1110 Πκατοχι
1379 1059 1520 1110 ταύτὸ
1552 1060 1796 1125 κεκρίσθαι

267 1142 397 1208 παρὰ
424 1148 546 1194 πᾶσι
573 1142 626 1194 τὸ
652 1144 926 1203 βέλτιστον·
971 1144 1024 1193 οὐ
1051 1142 1144 1209 γὰρ
1171 1142 1228 1193 ἂν
1265 1145 1393 1206 ὑμῶν
1426 1147 1468 1193 οἱ
1506 1142 1591 1204 μὲν
1625 1142 1796 1207 λέγειν,

268 1230 310 1276 οἱ
338 1226 385 1276 δὲ
411 1226 476 1290 μὴ
503 1226 660 1292 λέγειν
687 1227 913 1277 ἐκέλευον.
969 1226 1088 1292 πρὸς
1112 1226 1196 1290 μὲν
1222 1228 1377 1278 τοίνυν
1402 1226 1510 1281 τοὺς
1536 1225 1796 1294 ὑπειληφό-

266 1333 350 1363 τας
389 1310 537 1360 ταύτὰ
564 1311 824 1378 συμφέρειν
852 1310 1034 1364 οὐδενὸς
1070 1314 1142 1361 δεῖ
1171 1309 1320 1376 λόγου
1351 1315 1417 1380 τῷ
1450 1311 1676 1374 μέλλοντι
1717 1311 1794 1360 λε’-

267 1412 384 1458 γειν·
427 1394 731 1457 πεπεισμένοι
769 1393 862 1459 γὰρ
901 1393 1186 1461 ὑπάρχουσι·
1227 1395 1346 1461 πρὸς
1386 1395 1434 1445 δὲ
1469 1395 1577 1448 τοὺς
1615 1396 1847 1445 τοίναν-2ο

266 1478 343 1528 τιά
386 1477 646 1545 συμφέρειν
688 1477 968 1543 ἡγουμένους
1010 1479 1192 1545 βραχέα
1232 1483 1374 1529 εἰπεῖν
1419 1478 1669 1541 βούλομαι.
1726 1477 1792 1542 μὴ

268 1561 462 1611 θέλουσι
488 1561 573 1624 μὲν
600 1562 680 1611 οὖν
707 1560 888 1611 ἀκούειν
916 1562 998 1611 οὐκ
1034 1561 1098 1611 ἔνι
1125 1561 1275 1625 δήπου
1301 1566 1478 1626 μαθεῖν,
1506 1561 1639 1612 οὐδὲν
1668 1567 1792 1624 μᾶλ-

267 1652 355 1695 λον
396 1644 424 1708 ὴ
477 1649 699 1695 σιωπῶσι
750 1644 946 1709 μηδενὸς
990 1645 1226 1709 λέγοντος·
1283 1645 1521 1695 ἀκούσασι
1573 1644 1621 1695 δὲ
1665 1648 1792 1695 δυοῖν

267 1730 466 1792 ἀγαθοῖν
509 1729 591 1777 οὐκ
634 1728 697 1777 ε”νι
737 1728 933 1793 θατέρου
980 1730 1263 1793 διαμαρτεῖν.
1320 1727 1348 1792 ἢ
1392 1728 1484 1793 γὰρ
1519 1728 1789 1781 πεισθέντες

266 1811 439 1864 πάντες
478 1815 580 1862 Οκαὶ
618 1811 795 1861 Ρταύτά
831 1812 1082 1877 ἐγνωκότες
1122 1811 1385 1877 κοινότερον
1423 1812 1839 1873 (Ιβουλεύσεσθεμε

268 1896 321 1945 οὗ
346 1895 501 1961 μεῖζον
527 1899 589 1948 εἷς
629 1894 687 1945 τὰ
712 1894 926 1961 παρόντα
961 1895 1093 1945 οὐδὲν
1134 1895 1190 1945 ἂν
1216 1896 1396 1959 γένοιτο
1423 1895 1619 1960 ἀγαθόν·
1661 1894 1690 1960 ὴ
1724 1894 1790 1960 μὴ

268 1978 541 2042 δυνηθέντος
569 1984 652 2028 τοῦ
679 1979 901 2044 λέγοντος
929 1977 1113 2046 διδάξαι
1138 1977 1443 2044 βεβαιότερον
1468 1984 1564 2031 τοῖς
1601 1981 1787 2044 ἐγνωσ-

266 2063 420 2125 μένοις
457 2062 756 2113 πιστεύσετε.
815 2064 957 2129 χωρὶς
985 2062 1033 2113 δὲ
1059 2063 1237 2113 τούτων
1270 2062 1373 2113 οὐδὲ
1399 2062 1551 2126 καλὴν
1578 2063 1791 2129 ὑποψίαν

267 2146 360 2212 ε”χει
386 2146 511 2208 ἥκειν
537 2145 622 2209 μὲν
649 2150 710 2198 εἷς
748 2144 834 2208 τὴν
861 2145 1119 2207 ἐκκλησίαν
1145 2146 1206 2196 ὡς
1245 2145 1293 2193 ἐκ
1332 2148 1427 2194 τῶν
1451 2145 1789 2210 ῥηθησομένων

267 2228 321 2278 τὸ
348 2229 603 2294 κράτιστον
636 2228 831 2278 ἑλέσθαι
866 2228 983 2288 δέον,
1012 2230 1217 2295 φανῆναι
1249 2225 1310 2289 δὲ,
1336 2230 1448 2293 πρὶν
1479 2230 1528 2278 ἐκ
1566 2233 1660 2278 τῶν
1697 2228 1782 2279 λό-
1804 2249 1911 2293 1455

268 2332 368 2373 γων
409 2309 677 2372 δοκιμάσαι,
723 2310 831 2374 παρ’
876 2311 983 2370 ὑμῖν
1034 2310 1188 2362 αὐτοῖς
1232 2331 1276 2358 τι
1319 2309 1669 2372 πεπεισμένους,
1712 2312 1788 2360 καὶ

267 2397 395 2442 τοῦθ’
449 2394 595 2446 οὕτως
646 2391 844 2458 ἰσχυρὸν
903 2390 1027 2441 ὥστε
1078 2393 1207 2455 1’μηδ’
1260 2392 1434 2443 ἐθέλειν
1481 2393 1610 2459 παρὰ
1659 2395 1786 2445 ταῦτ’

268 2475 461 2526 ἀκούειν.

971 2551 1096 2599 ΜΗ.

334 2639 482 2695 Ἴσως
521 2641 739 2708 ὀχληρὸς,
772 2640 809 2690 ὦ
848 2642 1010 2707 ἄνδρες
1050 2647 1305 2707 Ἀθηναῖοι,
1341 2646 1468 2694 τισὶν
1504 2645 1633 2708 ὑμῶν
1671 2643 1815 2705 εἶναι5

323 2817 344 2844 k
364 2823 412 2867 τῷ
431 2821 601 2866 προῆχθαι
625 2820 661 2855 S.
692 2822 731 2854 τὸ
751 2821 920 2866 προῆχθαι
941 2822 984 2860 Q.
1018 2823 1216 2867 Legebatlu·
1236 2826 1282 2870 τῷ
1299 2824 1508 2869 προσῆχθαι.
1629 2821 1639 2848 l
1660 2823 1696 2857 εὖ
1715 2836 1785 2858 om.

267 2887 322 2918 γρ.
345 2874 390 2912 Q.
488 2880 513 2895 ¹³¹
534 2874 811 2917 ἐξαπατήσουσιν
833 2874 1039 2909 SchaefcruS.
1072 2876 1271 2921 Legebatur
1290 2876 1564 2920 ἐξαπατήσωσιν.
1663 2883 1682 2901 u
1703 2878 1785 2910 κατὰ

268 2927 369 2959 ταύτὸ
390 2927 550 2960 Wolfius.
581 2926 651 2960 κατ’
672 2927 754 2961 αὐτὸ
774 2928 864 2962 libri.
964 2934 981 2951 ⁰
1002 2930 1054 2962 καὶ
1073 2942 1142 2963 0111.
1167 2930 1346 2968 S.Y.Q.O.
1450 2936 1468 2963 Ρ
1488 2929 1609 2975 ταύτὰ]
1634 2928 1726 2964 ‘mur'
1749 2930 1784 2964 S.

268 2984 286 3010 ‘1
306 2980 561 3025 βουλεύσεσθε]
582 2979 795 3021 βουλεύεσθε
818 2981 1002 3019 S.Y.Q.O.
1118 2989 1131 3008 ¹⁸
1150 2982 1226 3026 μηδ’
1249 2982 1395 3028 ἐθέλειν]
1419 2983 1501 3027 μηδὲ
1521 2984 1632 3017 θέλειν
1652 2996 1683 3017 v.
