2009 3286
113 190 300 243 —1487,
318 208 349 231 ⁵.
813 194 1096 232 ΕΠΙΣΤΟΛΗ
1131 195 1180 231 Δ.
1649 190 1761 234 1509

964 385 1027 434 Δ.

459 550 687 603 ΥΠΠΕΡΙ
738 550 908 602 ΤΗΣ
960 549 1535 602 ΘΗΡΑΜΕΝΟΤΣ

716 669 1282 721 ΒΛΑΣΦΙ-ΙΜΙΑΣ.

250 851 646 889 ΔΗΜΟΣΘΕΝΗΣ
677 852 770 888 ΤΗι
802 852 1004 889 ΒΟὙΛΗι
1037 852 1125 889 ΚΑΙ
1158 851 1250 887 ΤΩι
1284 849 1467 886 ΔΗΜΩι
1498 846 1734 886 ΧΑΙΡΕΙΝ.

226 959 500 1033 ΑΚΟΥΩ
527 985 631 1048 περὶ
657 984 768 1045 ἐμοῦ
797 980 1080 1047 Θηραμένην
1107 980 1286 1033 ἄλλους
1312 1001 1362 1028 τε
1388 978 1561 1043 λόγους
1587 983 1749 1038 βλασ-

226 1064 413 1131 φήμους
452 1066 675 1131 εἰρηκέναι
715 1068 790 1116 καὶ
823 1065 1081 1131 δυστυχίαν
1107 1062 1403 1129 Ππροφέρειν.
1459 1061 1513 1112 τὸ
1549 1060 1749 1124 μὲνοῦν

224 1154 391 1199 τοῦτον
436 1152 619 1215 ἀγνοεῖν
664 1150 735 1200 ὅτι
781 1151 1029 1215 λοιδορίας,
1073 1147 1101 1212 ἢ
1146 1148 1375 1210 μηδεμίαν
1418 1147 1594 1208 κακίαν,
1640 1147 1744 1197 καθ’

223 1232 333 1283 ὅτου
371 1233 572 1298 λέγεται,
609 1235 855 1289 δείκνυσιν,
891 1232 1023 1283 οὐδέν
1059 1233 1154 1282 ἐστ’
1186 1231 1361 1299 ὄφελος
1394 1231 1503 1296 παρ’
1533 1231 1582 1280 εὖ
1618 1235 1734 1298 φρο-
1757 1251 1774 1283 5

222 1322 385 1367 νοῦσιν
424 1318 703 1383 ἀνθρώποις,
736 1318 838 1384 οὐχὶ
879 1315 1111 1382 θαυμάζω·
1153 1314 1261 1365 Οτὸν
1303 1313 1396 1380 γὰρ
1437 1313 1621 1381 θρασὺν
1659 1314 1744 1378 μὲν

219 1403 285 1469 τῷ
319 1402 423 1470 βίῳ,
452 1401 516 1465 μὴ
542 1402 744 1465 πολίτην
771 1400 819 1451 δὲ
845 1399 930 1464 τὴν
957 1400 1119 1467 φύσιν,
1146 1401 1193 1449 ἐν
1227 1400 1526 1467 ἐργαστηρίῳ
1561 1398 1608 1448 δὲ
1643 1407 1662 1434 Ρ
1671 1421 1744 1448 τε-

219 1486 486 1550 θραμμένον
517 1488 566 1536 ἐκ
605 1483 771 1538 παιδὸς
797 1483 1146 1535 (Ῑαὶσθοῖνεσθαί
1167 1506 1210 1533 τι
1237 1487 1331 1533 τῶν
1357 1482 1579 1533 τοιούτων
1604 1484 1744 1533 r0}th-

180 1567 424 1634 2yc2376p0v
455 1568 512 1632 ἧν
548 1569 576 1634 ἢ
602 1569 667 1633 μὴ
693 1568 916 1620 συνιέναι.
972 1567 1121 1636 τούτῳ
1155 1566 1239 1630 μὲν
1258 1567 1370 1627 οὖν,
1397 1565 1477 1616 ἐὰν
1503 1566 1747 1633 ἀφίκωμαί

215 1674 330 1703 ποτε
370 1656 445 1704 καὶ
471 1658 630 1716 σωθῶ,
657 1653 943 1718 πειράσομαι
979 1655 1283 1718 διαλεχθῆναι
1321 1653 1427 1716 περὶ
1466 1648 1531 1700 ὧν
1565 1655 1626 1704 εἰς
1652 1650 1794 1714 ε’μὲιο

216 1737 291 1784 καὶ
330 1737 434 1801 περὶ
473 1734 538 1786 ὧν
572 1740 634 1790 εἷς
666 1738 784 1799 ὑμᾶς
817 1740 1038 1802 παροινεῖ,
1074 1739 1148 1785 καὶ
1188 1735 1370 1801 νομίζω,
1411 1735 1577 1800 καίπερ
1609 1734 1741 1785 οὐδὲν

215 1818 470 1886 μετέχοντα
508 1825 591 1870 τοῦ
629 1819 956 1886 αἰσχύνεσθαι,
984 1820 1291 1885 μετριώτερον
1326 1818 1466 1869 αὐτὸν
1501 1818 1734 1882 ποιήσειν·

216 1903 323 1964 ὑμῖν
362 1902 411 1954 δὲ
450 1910 533 1954 τοῦ
566 1909 695 1972 κοινῇ
732 1905 1061 1972 συμφέροντος
1102 1905 1233 1954 ἕνεκα
1264 1904 1501 1966 βούλομαι
1541 1905 1595 1954 δι’
1632 1906 1732 1954 ἐπι-

214 1988 410 2048 στολῆς,
437 1986 514 2039 οὓς
552 1988 658 2052 περὶ
684 1987 861 2037 τούτων
888 1987 979 2053 ἔχω
1007 1986 1194 2051 λόγους,
1221 1989 1451 2049 δηλῶσαι.
1506 1986 1573 2040 οἷς
1611 1987 1736 2039 πάνυ
1751 2014 1786 2044 15

213 2066 296 2118 τὸν
335 2075 445 2119 νοῦν
482 2070 798 2136 προσέχοντες
833 2069 1083 2120 ἀκούσατε·
1126 2069 1279 2132 οἴομαι
1320 2069 1414 2135 γὰρ
1449 2069 1616 2124 αὐτοὺς
1653 2073 1735 2123 οὐκ

213 2153 354 2214 ἀκοῆς
380 2151 538 2215 μόνον,
566 2153 697 2203 ἀλλὰ
724 2156 798 2204 καὶ
825 2153 1009 2217 μνήμης
1035 2155 1193 2221 ἀξίους
1219 2152 1346 2204 εἶναι.

171 2256 196 2298 3
288 2234 418 2301 Ἐγὼ
443 2236 529 2301 τὴν
554 2236 696 2287 πόλιν
722 2236 807 2301 τὴν
835 2238 1058 2304 ὑμετέραν
1078 2236 1424 2304 εὐτυχεστάτην
1448 2243 1620 2289 πασῶν
1645 2239 1733 2291 πό-

211 2326 334 2371 λεων
382 2321 708 2384 ὑπολαμβάνω
759 2324 834 2372 καὶ
886 2321 1279 2390 θεοφιλεστάτην,
1326 2324 1401 2372 καὶ
1441 2328 1589 2372 ταῦτα
1629 2321 1732 2374 οἶδα
1748 2332 1854 2386 1487

209 2405 285 2454 καὶ
327 2404 410 2455 τὸν
453 2406 549 2455 Διά
593 2404 675 2455 τὸν
720 2408 1006 2456 Δωδωναῖον
1049 2408 1124 2456 καὶ
1165 2405 1250 2465 τὴν
1297 2406 1486 2470 Διώνην
1529 2409 1604 2457 καὶ
1649 2406 1731 2458 τὸν

208 2482 442 2537 Ἀπόλλω
478 2485 560 2537 τὸν
588 2487 768 2537 Πύθιον
794 2489 862 2537 ἀεὶ
895 2488 1123 2552 λέγοντας
1161 2489 1210 2538 ἐν
1246 2493 1346 2542 ταῖς
1379 2490 1627 2552 μαντείαις,
1655 2493 1729 2541 καὶ

207 2570 820 2638 προσεπισφραγιζομένους
847 2570 931 2634 τὴν
952 2571 1136 2635 ἀγαθὴν
1161 2570 1309 2638 τύχην
1333 2573 1381 2622 ἐν
1413 2576 1469 2638 τῇ
1495 2572 1633 2623 πόλει
1659 2571 1725 2623 εἷ-

207 2676 282 2703 ναι
319 2656 428 2719 παρ’
457 2656 576 2717 ὑμῖν.
631 2654 725 2705 ὅσα
760 2656 913 2705 τοίνυν
938 2658 1043 2721 περὶ
1081 2660 1176 2705 τῶν
1215 2656 1463 2706 Ξέπιόντων
1498 2659 1756 2719 δηλοῦσιν5

262 2811 290 2830 ¹¹¹
313 2807 388 2850 περὶ
407 2807 465 2849 τῆς
487 2807 522 2840 S.
554 2806 753 2852 Legebatur
772 2807 856 2850 πρὸς
876 2807 945 2841 τάς.
1086 2812 1104 2830 ¹¹
1125 2806 1329 2852 προφέρειν]
1354 2806 1568 2850 προσφέρειν
1590 2806 1722 2845 B.S.Q.

206 2863 224 2883 ⁰
245 2859 304 2892 τὸν
325 2860 360 2892 S.
389 2860 429 2892 τὸ
448 2860 566 2905 vulgo.
687 2865 706 2892 Ρ
726 2860 972 2906 τεθραμμένον]
996 2860 1222 2904 τεθρεμμένον
1244 2861 1280 2893 ὃ.
1397 2864 1415 2890 (l
1436 2859 1660 2892 αἰσθάνεσθαι
1682 2860 1723 2893 B.

207 2911 320 2950 S.Q.t.
360 2912 404 2956 μὴ
438 2913 663 2947 αἰσθάνεσθαι
691 2913 809 2957 vulgo.
968 2920 981 2939 Γ
1014 2913 1230 2957 ἀλογώτερον
1265 2913 1301 2946 S.
1343 2912 1574 2957 εὐλογώτερον
1603 2913 1722 2957 vulgo·

204 2976 220 2997 s
235 2965 414 3011 ἐπιόντων]
439 2966 601 2999 εἰπόντων
623 2966 658 3001 S.

261 3041 355 3066 VOL.
381 3041 440 3065 lv,
952 3041 975 3065 Y
1000 3041 1024 3080 J'
