2009 3286
612 220 853 255 ADDENDA
882 220 943 254 ET
973 220 1234 255 CORRIGEN
1238 221 1314 255 DA.
1600 221 1729 258 *1513

261 321 299 356 P.
321 319 413 368 967.
435 327 509 356 not.
530 327 562 356 Ρ.
583 322 936 368 ἀντιφορτισαμένους
953 323 1016 369 Α.]
1039 322 1385 369 ἀντιφορτιζομένους
1406 324 1449 357 A.

261 386 301 420 P.
324 396 415 434 979.
436 392 512 422 not.
538 385 571 421 b.
592 387 666 433 hie]
692 387 760 421 hoc

263 450 304 486 P.
326 449 418 498 989.
438 456 513 485 not.
534 448 558 485 f.
579 451 764 496 ὑπόλογον,
786 450 951 496 accentu]
976 451 1151 496 ὑπόλόγον
1171 457 1319 485 accentu
1339 451 1481 497 duplici,
1503 452 1565 486 sed

262 514 300 548 P.
322 525 413 561 990.
435 515 452 558 ξ
474 513 537 555 61,
562 524 596 549 1.
627 513 895 559 Ἀριστόλοχος]
918 514 1132 560 Exemplum
1154 515 1261 559 hujus
1280 515 1433 549 nominis
1454 521 1507 550 est
1526 514 1731 561 Ἀριστόλο-

205 592 267 623 χος
286 575 540 623 Ἀριστοδώρου
559 578 597 612 in
616 578 844 624 inscriptione
866 577 994 612 Lindia
1013 579 1108 624 apud
1128 579 1168 612 L.
1184 579 1362 613 Rossium.

262 641 301 675 P.
325 651 437 676 1111.
458 646 534 675 not.
556 648 591 677 g,
612 641 681 675 vol.
699 639 756 687 6.]
780 642 848 675 vol.
871 649 908 687 5.

845 806 979 846 VOL.
1015 807 1093 847 IV.

264 896 305 932 P.
334 906 446 943 1237.
481 902 556 931 not.
587 894 609 931 i·
650 909 714 943 pro
746 897 801 944 μ.]
835 909 899 944 pro
919 913 954 942 μ.
1010 898 1067 932 Sic
1105 897 1285 944 στρύμμην
1314 899 1483 944 scriptum
1518 899 1553 933 in
1585 905 1610 934 Γ.
1644 899 1736 933 infra

209 974 243 1007 p.
265 970 378 1006 1217,
403 972 436 995 2.
458 961 513 996 ed.
536 961 657 996 Reisk.

266 1025 306 1060 P.
332 1035 399 1070 125
409 1025 442 1059 8.
462 1030 537 1059 not.
560 1031 590 1060 Y.
613 1026 692 1069 (Aa.
716 1025 806 1071 non]
831 1027 893 1062 Aa.
918 1027 1005 1070 (non

267 1089 306 1122 P.
328 1087 440 1135 1361.
462 1094 537 1124 not.
560 1095 590 1123 q.
611 1089 715 1136 false]
740 1089 830 1123 falsa

268 1152 308 1188 P.
333 1162 442 1199 1492.
463 1158 537 1188 not.
560 1159 587 1187 Ζ.
609 1152 715 1187 ὅντων
730 1165 801 1188 una
819 1159 960 1188 tantum
979 1154 1109 1188 lineola
1128 1155 1335 1188 notandum.
