<?xml version="1.0" encoding="UTF-8"?>
<!DOCTYPE html PUBLIC "-//W3C//DTD XHTML 1.0 Transitional//EN"
    "http://www.w3.org/TR/xhtml1/DTD/xhtml1-transitional.dtd">
<html xmlns="http://www.w3.org/1999/xhtml" xml:lang="en" lang="en">
 <head>
  <title>
</title>
<meta http-equiv="Content-Type" content="text/html;charset=utf-8" />
  <meta name='ocr-system' content='tesseract 3.04.00' />
  <meta name='ocr-capabilities' content='ocr_page ocr_carea ocr_par ocr_line ocrx_word'/>
</head>
<body>
  <div class='ocr_page' id='page_1' title='image "./operaexrecension00demouoft/operaexrecension00demouoft_0038.png"; bbox 0 0 2009 3286; ppageno 0'>
   <div class='ocr_carea' id='block_1_1' title="bbox 275 187 1917 243">
    <p class='ocr_par' dir='ltr' id='par_1_1' title="bbox 275 187 1917 243">
     <span class='ocr_line' id='line_1_1' title="bbox 275 187 1917 243; baseline 0.001 -17"><span class='ocrx_word' id='word_1_1' title='bbox 275 187 385 226; x_wconf 70' lang='lat'>1182</span> <span class='ocrx_word' id='word_1_2' title='bbox 792 189 1256 243; x_wconf 70' lang='grc' dir='ltr'>[ΔΗΜΟΣΘΕΝΟΎΣ]</span> <span class='ocrx_word' id='word_1_3' title='bbox 1317 189 1399 229; x_wconf 66' lang='grc' dir='ltr'>οη.</span> <span class='ocrx_word' id='word_1_4' title='bbox 1420 188 1618 229; x_wconf 87' lang='lat' dir='ltr'>XLVII.</span> <span class='ocrx_word' id='word_1_5' title='bbox 1641 203 1684 243; x_wconf 87' lang='lat' dir='ltr'>p.</span> <span class='ocrx_word' id='word_1_6' title='bbox 1705 201 1718 228; x_wconf 76' lang='grc' dir='ltr'>ι</span> <span class='ocrx_word' id='word_1_7' title='bbox 1735 188 1826 242; x_wconf 82' lang='lat'>156,</span> <span class='ocrx_word' id='word_1_8' title='bbox 1845 204 1917 227; x_wconf 66' lang='lat'>⁵-</span> 
     </span>
    </p>
   </div>
   <div class='ocr_carea' id='block_1_2' title="bbox 190 298 1902 2689">
    <p class='ocr_par' dir='ltr' id='par_1_2' title="bbox 190 298 1902 2689">
     <span class='ocr_line' id='line_1_2' title="bbox 272 298 1821 367; baseline 0.005 -19"><span class='ocrx_word' id='word_1_9' title='bbox 272 298 435 363; x_wconf 89' lang='grc' dir='ltr'>τιτθὴν</span> <span class='ocrx_word' id='word_1_10' title='bbox 477 299 616 364; x_wconf 53' lang='grc' dir='ltr'>Ῐέμὴν</span> <span class='ocrx_word' id='word_1_11' title='bbox 660 302 913 367; x_wconf 80' lang='grc' dir='ltr'>γενομένην</span> <span class='ocrx_word' id='word_1_12' title='bbox 957 301 1072 365; x_wconf 87' lang='grc' dir='ltr'>μήτε</span> <span class='ocrx_word' id='word_1_13' title='bbox 1116 300 1435 366; x_wconf 88' lang='grc' dir='ltr'>παιδαγωγόν·</span> <span class='ocrx_word' id='word_1_14' title='bbox 1487 299 1586 365; x_wconf 82' lang='grc' dir='ltr'>ἅμα</span> <span class='ocrx_word' id='word_1_15' title='bbox 1624 301 1672 352; x_wconf 80' lang='grc' dir='ltr'>δὲ</span> <span class='ocrx_word' id='word_1_16' title='bbox 1716 303 1821 355; x_wconf 76' lang='grc' dir='ltr'>καὶ5</span> 
     </span>
     <span class='ocr_line' id='line_1_3' title="bbox 271 383 1793 453; baseline 0.002 -22"><span class='ocrx_word' id='word_1_17' title='bbox 271 388 568 450; x_wconf 81' lang='grc' dir='ltr'>τριηραρχῶν</span> <span class='ocrx_word' id='word_1_18' title='bbox 598 385 836 453; x_wconf 77' lang='grc' dir='ltr'>ἐξέπλεον,</span> <span class='ocrx_word' id='word_1_19' title='bbox 862 384 986 436; x_wconf 80' lang='grc' dir='ltr'>ὥστε</span> <span class='ocrx_word' id='word_1_20' title='bbox 1021 387 1096 435; x_wconf 77' lang='grc' dir='ltr'>καὶ</span> <span class='ocrx_word' id='word_1_21' title='bbox 1135 389 1192 453; x_wconf 86' lang='grc' dir='ltr'>τῇ</span> <span class='ocrx_word' id='word_1_22' title='bbox 1225 387 1407 449; x_wconf 77' lang='grc' dir='ltr'>γυναικὶ</span> <span class='ocrx_word' id='word_1_23' title='bbox 1439 385 1707 452; x_wconf 75' lang='grc' dir='ltr'>βουλομένῃ</span> <span class='ocrx_word' id='word_1_24' title='bbox 1737 383 1793 447; x_wconf 83' lang='grc' dir='ltr'>ἧν</span> 
     </span>
     <span class='ocr_line' id='line_1_4' title="bbox 269 465 1789 534; baseline 0.003 -20"><span class='ocrx_word' id='word_1_25' title='bbox 269 465 488 530; x_wconf 85' lang='grc' dir='ltr'>τοιαύτην</span> <span class='ocrx_word' id='word_1_26' title='bbox 522 468 732 534; x_wconf 76' lang='grc' dir='ltr'>οἰκουρὸν</span> <span class='ocrx_word' id='word_1_27' title='bbox 771 474 871 531; x_wconf 81' lang='grc' dir='ltr'>μετ’</span> <span class='ocrx_word' id='word_1_28' title='bbox 904 472 1045 533; x_wconf 84' lang='grc' dir='ltr'>αυτῆς</span> <span class='ocrx_word' id='word_1_29' title='bbox 1078 477 1099 504; x_wconf 72' lang='lat' dir='ltr'>g</span> <span class='ocrx_word' id='word_1_30' title='bbox 1111 493 1168 532; x_wconf 87' lang='grc' dir='ltr'>με</span> <span class='ocrx_word' id='word_1_31' title='bbox 1209 474 1496 520; x_wconf 81' lang='grc' dir='ltr'>καταλιπεῖν.</span> <span class='ocrx_word' id='word_1_32' title='bbox 1554 468 1789 534; x_wconf 84' lang='grc' dir='ltr'>ἀριστών-</span> 
     </span>
     <span class='ocr_line' id='line_1_5' title="bbox 269 549 1793 618; baseline 0.004 -21"><span class='ocrx_word' id='word_1_33' title='bbox 269 571 362 598; x_wconf 86' lang='grc' dir='ltr'>των</span> <span class='ocrx_word' id='word_1_34' title='bbox 390 549 437 599; x_wconf 76' lang='grc' dir='ltr'>δὲ</span> <span class='ocrx_word' id='word_1_35' title='bbox 467 552 515 600; x_wconf 85' lang='grc' dir='ltr'>ἐν</span> <span class='ocrx_word' id='word_1_36' title='bbox 541 554 599 616; x_wconf 81' lang='grc' dir='ltr'>τῇ</span> <span class='ocrx_word' id='word_1_37' title='bbox 625 553 762 618; x_wconf 81' lang='grc' dir='ltr'>αὐλῇ,</span> <span class='ocrx_word' id='word_1_38' title='bbox 791 555 853 606; x_wconf 86' lang='grc' dir='ltr'>ὡς</span> <span class='ocrx_word' id='word_1_39' title='bbox 885 555 1236 616; x_wconf 81' lang='grc' dir='ltr'>ἐπεισπηδῶσιν</span> <span class='ocrx_word' id='word_1_40' title='bbox 1269 553 1394 603; x_wconf 74' lang='grc' dir='ltr'>οὗτοι</span> <span class='ocrx_word' id='word_1_41' title='bbox 1420 552 1524 603; x_wconf 79' lang='grc' dir='ltr'>11καὶ</span> <span class='ocrx_word' id='word_1_42' title='bbox 1551 558 1793 614; x_wconf 89' lang='grc' dir='ltr'>καταλαμ-</span> 
     </span>
     <span class='ocr_line' id='line_1_6' title="bbox 267 630 1845 701; baseline 0.003 -21"><span class='ocrx_word' id='word_1_43' title='bbox 267 630 499 691; x_wconf 80' lang='grc' dir='ltr'>βάνουσιν</span> <span class='ocrx_word' id='word_1_44' title='bbox 546 633 688 687; x_wconf 78' lang='grc' dir='ltr'>αὐτὰς</span> <span class='ocrx_word' id='word_1_45' title='bbox 739 638 815 685; x_wconf 77' lang='grc' dir='ltr'>καὶ</span> <span class='ocrx_word' id='word_1_46' title='bbox 863 635 1069 701; x_wconf 73' lang='grc' dir='ltr'>ἥρπαζον</span> <span class='ocrx_word' id='word_1_47' title='bbox 1113 635 1172 685; x_wconf 81' lang='grc' dir='ltr'>τὰ</span> <span class='ocrx_word' id='word_1_48' title='bbox 1216 636 1376 700; x_wconf 89' lang='grc' dir='ltr'>σκεύη,</span> <span class='ocrx_word' id='word_1_49' title='bbox 1421 639 1466 686; x_wconf 81' lang='grc' dir='ltr'>αἱ</span> <span class='ocrx_word' id='word_1_50' title='bbox 1517 635 1600 698; x_wconf 79' lang='grc' dir='ltr'>μὲν</span> <span class='ocrx_word' id='word_1_51' title='bbox 1643 635 1845 685; x_wconf 77' lang='grc' dir='ltr'>ἄλλαιιο</span> 
     </span>
     <span class='ocr_line' id='line_1_7' title="bbox 268 715 1792 787; baseline 0.004 -23"><span class='ocrx_word' id='word_1_52' title='bbox 268 715 542 780; x_wconf 82' lang='grc' dir='ltr'>θεράπαιναι</span> <span class='ocrx_word' id='word_1_53' title='bbox 573 719 641 781; x_wconf 84' lang='grc' dir='ltr'>(ἐν</span> <span class='ocrx_word' id='word_1_54' title='bbox 667 722 733 786; x_wconf 73' lang='grc' dir='ltr'>τῷ</span> <span class='ocrx_word' id='word_1_55' title='bbox 765 719 931 787; x_wconf 78' lang='grc' dir='ltr'>πύργῳ</span> <span class='ocrx_word' id='word_1_56' title='bbox 958 718 1052 784; x_wconf 78' lang='grc' dir='ltr'>γὰρ</span> <span class='ocrx_word' id='word_1_57' title='bbox 1079 717 1219 781; x_wconf 76' lang='grc' dir='ltr'>ἦσαν,</span> <span class='ocrx_word' id='word_1_58' title='bbox 1248 719 1391 784; x_wconf 72' lang='grc' dir='ltr'>οὗπερ</span> <span class='ocrx_word' id='word_1_59' title='bbox 1418 721 1700 782; x_wconf 82' lang='grc' dir='ltr'>διαιτῶνται)</span> <span class='ocrx_word' id='word_1_60' title='bbox 1731 722 1792 772; x_wconf 85' lang='grc' dir='ltr'>ὡς</span> 
     </span>
     <span class='ocr_line' id='line_1_8' title="bbox 203 798 1792 867; baseline 0.003 -20"><span class='ocrx_word' id='word_1_61' title='bbox 203 817 255 857; x_wconf 91' lang='lat'>70</span> <span class='ocrx_word' id='word_1_62' title='bbox 267 798 479 861; x_wconf 76' lang='grc' dir='ltr'>ἤκουσαν</span> <span class='ocrx_word' id='word_1_63' title='bbox 514 804 734 865; x_wconf 79' lang='grc' dir='ltr'>κραυγῆς,</span> <span class='ocrx_word' id='word_1_64' title='bbox 768 802 978 852; x_wconf 86' lang='grc' dir='ltr'>κλείουσι</span> <span class='ocrx_word' id='word_1_65' title='bbox 1012 801 1094 851; x_wconf 80' lang='grc' dir='ltr'>τὸν</span> <span class='ocrx_word' id='word_1_66' title='bbox 1129 802 1326 867; x_wconf 89' lang='grc' dir='ltr'>πύργον,</span> <span class='ocrx_word' id='word_1_67' title='bbox 1363 805 1439 852; x_wconf 83' lang='grc' dir='ltr'>καὶ</span> <span class='ocrx_word' id='word_1_68' title='bbox 1477 804 1674 852; x_wconf 83' lang='grc' dir='ltr'>ἐνταῦθα</span> <span class='ocrx_word' id='word_1_69' title='bbox 1708 801 1792 864; x_wconf 75' lang='grc' dir='ltr'>μὲν</span> 
     </span>
     <span class='ocr_line' id='line_1_9' title="bbox 268 882 1788 953; baseline 0.002 -22"><span class='ocrx_word' id='word_1_70' title='bbox 268 882 349 931; x_wconf 81' lang='grc' dir='ltr'>οὐκ</span> <span class='ocrx_word' id='word_1_71' title='bbox 381 885 620 945; x_wconf 79' lang='grc' dir='ltr'>εἰσῆλθον,</span> <span class='ocrx_word' id='word_1_72' title='bbox 649 883 707 933; x_wconf 84' lang='grc' dir='ltr'>τά</span> <span class='ocrx_word' id='word_1_73' title='bbox 739 885 775 934; x_wconf 88' lang='grc' dir='ltr'>δ’</span> <span class='ocrx_word' id='word_1_74' title='bbox 805 886 854 934; x_wconf 90' lang='grc' dir='ltr'>ἐκ</span> <span class='ocrx_word' id='word_1_75' title='bbox 888 887 970 947; x_wconf 84' lang='grc' dir='ltr'>τῆς</span> <span class='ocrx_word' id='word_1_76' title='bbox 1006 884 1160 948; x_wconf 78' lang='grc' dir='ltr'>ἄλλης</span> <span class='ocrx_word' id='word_1_77' title='bbox 1197 886 1340 938; x_wconf 78' lang='grc' dir='ltr'>οἰκίας</span> <span class='ocrx_word' id='word_1_78' title='bbox 1375 884 1594 953; x_wconf 75' lang='grc' dir='ltr'>ἐξέφερον</span> <span class='ocrx_word' id='word_1_79' title='bbox 1629 884 1788 948; x_wconf 88' lang='grc' dir='ltr'>σκεύη,</span> 
     </span>
     <span class='ocr_line' id='line_1_10' title="bbox 267 966 1787 1031; baseline 0.003 -17"><span class='ocrx_word' id='word_1_80' title='bbox 267 966 654 1030; x_wconf 75' lang='grc' dir='ltr'>ἀπαγορευούσης</span> <span class='ocrx_word' id='word_1_81' title='bbox 706 970 786 1029; x_wconf 81' lang='grc' dir='ltr'>τῆς</span> <span class='ocrx_word' id='word_1_82' title='bbox 837 966 1053 1030; x_wconf 78' lang='grc' dir='ltr'>γυναικὸς</span> <span class='ocrx_word' id='word_1_83' title='bbox 1102 967 1166 1031; x_wconf 74' lang='grc' dir='ltr'>μὴ</span> <span class='ocrx_word' id='word_1_84' title='bbox 1214 967 1448 1018; x_wconf 83' lang='grc' dir='ltr'>ἅπτεσθαι</span> <span class='ocrx_word' id='word_1_85' title='bbox 1499 969 1667 1029; x_wconf 84' lang='grc' dir='ltr'>αὐτοῖς,</span> <span class='ocrx_word' id='word_1_86' title='bbox 1713 971 1787 1018; x_wconf 79' lang='grc' dir='ltr'>καὶ</span> 
     </span>
     <span class='ocr_line' id='line_1_11' title="bbox 266 1047 1839 1117; baseline 0.002 -20"><span class='ocrx_word' id='word_1_87' title='bbox 266 1047 503 1112; x_wconf 84' lang='grc' dir='ltr'>λεγούσης</span> <span class='ocrx_word' id='word_1_88' title='bbox 539 1049 609 1099; x_wconf 78' lang='grc' dir='ltr'>ὅτι</span> <span class='ocrx_word' id='word_1_89' title='bbox 649 1051 788 1112; x_wconf 82' lang='grc' dir='ltr'>αὐτῆς</span> <span class='ocrx_word' id='word_1_90' title='bbox 826 1051 892 1114; x_wconf 77' lang='grc' dir='ltr'>εἴη</span> <span class='ocrx_word' id='word_1_91' title='bbox 929 1053 976 1101; x_wconf 86' lang='grc' dir='ltr'>ἐν</span> <span class='ocrx_word' id='word_1_92' title='bbox 1011 1054 1069 1117; x_wconf 81' lang='grc' dir='ltr'>τῇ</span> <span class='ocrx_word' id='word_1_93' title='bbox 1103 1053 1258 1116; x_wconf 76' lang='grc' dir='ltr'>προικὶ</span> <span class='ocrx_word' id='word_1_94' title='bbox 1297 1050 1574 1114; x_wconf 84' lang='grc' dir='ltr'>τετιμημένα</span> <span class='ocrx_word' id='word_1_95' title='bbox 1608 1053 1683 1101; x_wconf 75' lang='grc' dir='ltr'>καὶ</span> <span class='ocrx_word' id='word_1_96' title='bbox 1718 1051 1788 1101; x_wconf 82' lang='grc' dir='ltr'>ὅτι</span> <span class='ocrx_word' id='word_1_97' title='bbox 1804 1072 1839 1103; x_wconf 88' lang='lat'>15</span> 
     </span>
     <span class='ocr_line' id='line_1_12' title="bbox 266 1131 1790 1200; baseline 0.003 -20"><span class='ocrx_word' id='word_1_98' title='bbox 266 1138 292 1158; x_wconf 87' lang='grc'><strong>“</strong></span> <span class='ocrx_word' id='word_1_99' title='bbox 319 1131 377 1180; x_wconf 77' lang='grc' dir='ltr'>τὰ</span> <span class='ocrx_word' id='word_1_100' title='bbox 413 1132 633 1197; x_wconf 88' lang='grc' dir='ltr'>πρόβατα</span> <span class='ocrx_word' id='word_1_101' title='bbox 675 1134 799 1200; x_wconf 76' lang='grc' dir='ltr'>ἔχετε</span> <span class='ocrx_word' id='word_1_102' title='bbox 838 1135 1128 1197; x_wconf 85' lang='grc' dir='ltr'>πεντήκοντα</span> <span class='ocrx_word' id='word_1_103' title='bbox 1163 1133 1262 1184; x_wconf 70' lang='grc' dir='ltr'>ὶκαὶ</span> <span class='ocrx_word' id='word_1_104' title='bbox 1300 1134 1382 1184; x_wconf 82' lang='grc' dir='ltr'>τὸν</span> <span class='ocrx_word' id='word_1_105' title='bbox 1419 1138 1563 1185; x_wconf 82' lang='grc' dir='ltr'>παῖδα</span> <span class='ocrx_word' id='word_1_106' title='bbox 1597 1137 1672 1184; x_wconf 81' lang='grc' dir='ltr'>καὶ</span> <span class='ocrx_word' id='word_1_107' title='bbox 1707 1133 1790 1184; x_wconf 81' lang='grc' dir='ltr'>τὸν</span> 
     </span>
     <span class='ocr_line' id='line_1_13' title="bbox 266 1216 1787 1286; baseline 0.003 -21"><span class='ocrx_word' id='word_1_108' title='bbox 266 1222 291 1244; x_wconf 82' lang='grc'>“</span> <span class='ocrx_word' id='word_1_109' title='bbox 316 1216 526 1278; x_wconf 86' lang='grc' dir='ltr'>ποιμένα,</span> <span class='ocrx_word' id='word_1_110' title='bbox 572 1218 791 1270; x_wconf 86' lang='grc' dir='ltr'>πλείονος</span> <span class='ocrx_word' id='word_1_111' title='bbox 836 1218 946 1286; x_wconf 74' lang='grc' dir='ltr'>ἄξια</span> <span class='ocrx_word' id='word_1_112' title='bbox 987 1218 1015 1282; x_wconf 77' lang='grc' dir='ltr'>ἢ</span> <span class='ocrx_word' id='word_1_113' title='bbox 1057 1219 1479 1269; x_wconf 81' lang='grc' dir='ltr'>κατεδικάσασθε·”</span> <span class='ocrx_word' id='word_1_114' title='bbox 1528 1217 1787 1284; x_wconf 86' lang='grc' dir='ltr'>ἀπήγγειλε</span> 
     </span>
     <span class='ocr_line' id='line_1_14' title="bbox 198 1298 1786 1369; baseline 0.004 -24"><span class='ocrx_word' id='word_1_115' title='bbox 198 1317 244 1356; x_wconf 88' lang='lat'>71</span> <span class='ocrx_word' id='word_1_116' title='bbox 263 1298 356 1363; x_wconf 82' lang='grc' dir='ltr'>γάρ</span> <span class='ocrx_word' id='word_1_117' title='bbox 389 1321 457 1350; x_wconf 91' lang='grc' dir='ltr'>τις</span> <span class='ocrx_word' id='word_1_118' title='bbox 492 1298 688 1352; x_wconf 57' lang='grc' dir='ltr'>1(αὐταῖς</span> <span class='ocrx_word' id='word_1_119' title='bbox 727 1305 820 1350; x_wconf 81' lang='grc' dir='ltr'>τῶν</span> <span class='ocrx_word' id='word_1_120' title='bbox 855 1300 1077 1365; x_wconf 88' lang='grc' dir='ltr'>γειτόνων</span> <span class='ocrx_word' id='word_1_121' title='bbox 1113 1301 1268 1369; x_wconf 78' lang='grc' dir='ltr'>κόψας</span> <span class='ocrx_word' id='word_1_122' title='bbox 1304 1302 1391 1366; x_wconf 88' lang='grc' dir='ltr'>τὴν</span> <span class='ocrx_word' id='word_1_123' title='bbox 1427 1302 1586 1367; x_wconf 90' lang='grc' dir='ltr'>θύραν.</span> <span class='ocrx_word' id='word_1_124' title='bbox 1639 1302 1705 1352; x_wconf 76' lang='grc' dir='ltr'>ἔτι</span> <span class='ocrx_word' id='word_1_125' title='bbox 1739 1302 1786 1352; x_wconf 76' lang='grc' dir='ltr'>δὲ</span> 
     </span>
     <span class='ocr_line' id='line_1_15' title="bbox 264 1382 1779 1453; baseline 0.003 -22"><span class='ocrx_word' id='word_1_126' title='bbox 264 1382 355 1448; x_wconf 77' lang='grc' dir='ltr'>ἔφη</span> <span class='ocrx_word' id='word_1_127' title='bbox 394 1382 447 1432; x_wconf 81' lang='grc' dir='ltr'>τὸ</span> <span class='ocrx_word' id='word_1_128' title='bbox 487 1384 709 1449; x_wconf 85' lang='grc' dir='ltr'>ἀργύριον</span> <span class='ocrx_word' id='word_1_129' title='bbox 751 1386 904 1438; x_wconf 79' lang='grc' dir='ltr'>αὐτοῖς</span> <span class='ocrx_word' id='word_1_130' title='bbox 946 1387 1153 1447; x_wconf 88' lang='grc' dir='ltr'>κείμενον</span> <span class='ocrx_word' id='word_1_131' title='bbox 1197 1384 1310 1436; x_wconf 77' lang='grc' dir='ltr'>εἶναι</span> <span class='ocrx_word' id='word_1_132' title='bbox 1354 1388 1427 1436; x_wconf 77' lang='grc' dir='ltr'>ἐπὶ</span> <span class='ocrx_word' id='word_1_133' title='bbox 1465 1389 1523 1452; x_wconf 82' lang='grc' dir='ltr'>τῇ</span> <span class='ocrx_word' id='word_1_134' title='bbox 1561 1385 1779 1453; x_wconf 73' lang='grc' dir='ltr'>τραπέζῃ·</span> 
     </span>
     <span class='ocr_line' id='line_1_16' title="bbox 263 1466 1838 1536; baseline 0.003 -20"><span class='ocrx_word' id='word_1_135' title='bbox 263 1466 447 1529; x_wconf 80' lang='grc' dir='ltr'>ἠκηκόει</span> <span class='ocrx_word' id='word_1_136' title='bbox 487 1466 580 1531; x_wconf 81' lang='grc' dir='ltr'>γὰρ</span> <span class='ocrx_word' id='word_1_137' title='bbox 618 1469 742 1528; x_wconf 82' lang='grc' dir='ltr'>ἐμοῦ·</span> <span class='ocrx_word' id='word_1_138' title='bbox 795 1468 881 1518; x_wconf 78' lang='grc' dir='ltr'>κᾶν</span> <span class='ocrx_word' id='word_1_139' title='bbox 922 1471 1224 1533; x_wconf 77' lang='grc' dir='ltr'>περιμείνητε,</span> <span class='ocrx_word' id='word_1_140' title='bbox 1264 1469 1369 1536; x_wconf 86' lang='grc' dir='ltr'>ἐφη,</span> <span class='ocrx_word' id='word_1_141' title='bbox 1409 1468 1437 1532; x_wconf 76' lang='grc' dir='ltr'>ἦ</span> <span class='ocrx_word' id='word_1_142' title='bbox 1475 1469 1678 1536; x_wconf 77' lang='grc' dir='ltr'>μετέλθῃ</span> <span class='ocrx_word' id='word_1_143' title='bbox 1716 1492 1785 1522; x_wconf 91' lang='grc' dir='ltr'>τις</span> <span class='ocrx_word' id='word_1_144' title='bbox 1799 1492 1838 1513; x_wconf 88' lang='lat'>20</span> 
     </span>
     <span class='ocr_line' id='line_1_17' title="bbox 263 1548 1785 1616; baseline 0.003 -19"><span class='ocrx_word' id='word_1_145' title='bbox 263 1550 392 1610; x_wconf 80' lang='grc' dir='ltr'>ὑμῶν</span> <span class='ocrx_word' id='word_1_146' title='bbox 419 1548 572 1610; x_wconf 76' lang='grc' dir='ltr'>αὐτον,</span> <span class='ocrx_word' id='word_1_147' title='bbox 601 1550 783 1616; x_wconf 76' lang='grc' dir='ltr'>ἔχοντες</span> <span class='ocrx_word' id='word_1_148' title='bbox 819 1551 953 1601; x_wconf 78' lang='grc' dir='ltr'>ἄπιτε</span> <span class='ocrx_word' id='word_1_149' title='bbox 989 1574 1042 1601; x_wconf 94' lang='grc' dir='ltr'>το</span> <span class='ocrx_word' id='word_1_150' title='bbox 1077 1551 1300 1616; x_wconf 87' lang='grc' dir='ltr'>ἀργύριον</span> <span class='ocrx_word' id='word_1_151' title='bbox 1332 1552 1437 1615; x_wconf 89' lang='grc' dir='ltr'>ηδη·</span> <span class='ocrx_word' id='word_1_152' title='bbox 1479 1551 1539 1601; x_wconf 80' lang='grc' dir='ltr'>τὰ</span> <span class='ocrx_word' id='word_1_153' title='bbox 1565 1552 1613 1602; x_wconf 90' lang='grc' dir='ltr'>δε</span> <span class='ocrx_word' id='word_1_154' title='bbox 1639 1553 1785 1616; x_wconf 88' lang='grc' dir='ltr'>σκεύη</span> 
     </span>
     <span class='ocr_line' id='line_1_18' title="bbox 261 1632 1786 1702; baseline 0.005 -21"><span class='ocrx_word' id='word_1_155' title='bbox 261 1633 375 1693; x_wconf 83' lang='grc' dir='ltr'>ἐᾶτε,</span> <span class='ocrx_word' id='word_1_156' title='bbox 410 1634 485 1681; x_wconf 81' lang='grc' dir='ltr'>καὶ</span> <span class='ocrx_word' id='word_1_157' title='bbox 521 1632 664 1695; x_wconf 79' lang='grc' dir='ltr'>μηδὲν</span> <span class='ocrx_word' id='word_1_158' title='bbox 698 1638 792 1682; x_wconf 83' lang='grc' dir='ltr'>τῶν</span> <span class='ocrx_word' id='word_1_159' title='bbox 830 1635 954 1696; x_wconf 84' lang='grc' dir='ltr'>ἐμῶν</span> <span class='ocrx_word' id='word_1_160' title='bbox 990 1635 1166 1701; x_wconf 87' lang='grc' dir='ltr'>φερετε,</span> <span class='ocrx_word' id='word_1_161' title='bbox 1204 1634 1367 1687; x_wconf 77' lang='grc' dir='ltr'>ἄλλως</span> <span class='ocrx_word' id='word_1_162' title='bbox 1401 1658 1451 1685; x_wconf 88' lang='grc' dir='ltr'>τε</span> <span class='ocrx_word' id='word_1_163' title='bbox 1491 1638 1565 1685; x_wconf 82' lang='grc' dir='ltr'>καὶ</span> <span class='ocrx_word' id='word_1_164' title='bbox 1603 1635 1786 1702; x_wconf 75' lang='grc' dir='ltr'>ἔχοντες</span> 
     </span>
     <span class='ocr_line' id='line_1_19' title="bbox 261 1714 1785 1783; baseline 0.006 -21"><span class='ocrx_word' id='word_1_165' title='bbox 261 1714 372 1781; x_wconf 77' lang='grc' dir='ltr'>ἄξια</span> <span class='ocrx_word' id='word_1_166' title='bbox 417 1718 499 1776; x_wconf 82' lang='grc' dir='ltr'>τῆς</span> <span class='ocrx_word' id='word_1_167' title='bbox 543 1716 809 1778; x_wconf 83' lang='grc' dir='ltr'>καταδίκης.</span> <span class='ocrx_word' id='word_1_168' title='bbox 875 1722 1021 1766; x_wconf 86' lang='grc' dir='ltr'>ταῦτα</span> <span class='ocrx_word' id='word_1_169' title='bbox 1067 1716 1115 1766; x_wconf 81' lang='grc' dir='ltr'>δὲ</span> <span class='ocrx_word' id='word_1_170' title='bbox 1159 1717 1395 1781; x_wconf 86' lang='grc' dir='ltr'>λεγούσης</span> <span class='ocrx_word' id='word_1_171' title='bbox 1440 1721 1523 1780; x_wconf 84' lang='grc' dir='ltr'>τῆς</span> <span class='ocrx_word' id='word_1_172' title='bbox 1567 1719 1785 1783; x_wconf 81' lang='grc' dir='ltr'>γυναικὸς</span> 
     </span>
     <span class='ocr_line' id='line_1_20' title="bbox 194 1797 1834 1863; baseline 0.003 -18"><span class='ocrx_word' id='word_1_173' title='bbox 194 1817 245 1857; x_wconf 82' lang='lat'>72</span> <span class='ocrx_word' id='word_1_174' title='bbox 261 1798 347 1863; x_wconf 81' lang='grc' dir='ltr'>οὐχ</span> <span class='ocrx_word' id='word_1_175' title='bbox 378 1797 502 1849; x_wconf 81' lang='grc' dir='ltr'>ὅπως</span> <span class='ocrx_word' id='word_1_176' title='bbox 539 1798 757 1863; x_wconf 82' lang='grc' dir='ltr'>ἐπέσχον,</span> <span class='ocrx_word' id='word_1_177' title='bbox 790 1798 921 1848; x_wconf 82' lang='grc' dir='ltr'>ἀλλά</span> <span class='ocrx_word' id='word_1_178' title='bbox 956 1801 1031 1849; x_wconf 76' lang='grc' dir='ltr'>καὶ</span> <span class='ocrx_word' id='word_1_179' title='bbox 1065 1803 1147 1862; x_wconf 82' lang='grc' dir='ltr'>τῆς</span> <span class='ocrx_word' id='word_1_180' title='bbox 1181 1803 1339 1863; x_wconf 80' lang='grc' dir='ltr'>τιτθῆς</span> <span class='ocrx_word' id='word_1_181' title='bbox 1370 1799 1424 1850; x_wconf 81' lang='grc' dir='ltr'>τὸ</span> <span class='ocrx_word' id='word_1_182' title='bbox 1457 1802 1655 1863; x_wconf 78' lang='grc' dir='ltr'>κυμβίον</span> <span class='ocrx_word' id='word_1_183' title='bbox 1687 1810 1778 1851; x_wconf 92' lang='grc' dir='ltr'>λα-</span> <span class='ocrx_word' id='word_1_184' title='bbox 1797 1820 1834 1850; x_wconf 84' lang='lat'>25</span> 
     </span>
     <span class='ocr_line' id='line_1_21' title="bbox 259 1879 1782 1949; baseline 0.005 -20"><span class='ocrx_word' id='word_1_185' title='bbox 259 1879 443 1943; x_wconf 87' lang='grc' dir='ltr'>βούσης</span> <span class='ocrx_word' id='word_1_186' title='bbox 476 1881 816 1945; x_wconf 85' lang='grc' dir='ltr'>παρακείμενον</span> <span class='ocrx_word' id='word_1_187' title='bbox 850 1883 979 1949; x_wconf 82' lang='grc' dir='ltr'>αὐτῇ,</span> <span class='ocrx_word' id='word_1_188' title='bbox 1007 1883 1062 1949; x_wconf 75' lang='grc' dir='ltr'>ἐξ</span> <span class='ocrx_word' id='word_1_189' title='bbox 1086 1883 1139 1932; x_wconf 78' lang='grc' dir='ltr'>οὗ</span> <span class='ocrx_word' id='word_1_190' title='bbox 1171 1883 1307 1943; x_wconf 76' lang='grc' dir='ltr'>ἔπινε,</span> <span class='ocrx_word' id='word_1_191' title='bbox 1341 1885 1414 1932; x_wconf 82' lang='grc' dir='ltr'>καὶ</span> <span class='ocrx_word' id='word_1_192' title='bbox 1449 1884 1689 1947; x_wconf 80' lang='grc' dir='ltr'>ἐνθεμένης</span> <span class='ocrx_word' id='word_1_193' title='bbox 1721 1889 1782 1937; x_wconf 82' lang='grc' dir='ltr'>εἷς</span> 
     </span>
     <span class='ocr_line' id='line_1_22' title="bbox 259 1961 1774 2029; baseline 0.004 -18"><span class='ocrx_word' id='word_1_194' title='bbox 259 1962 340 2011; x_wconf 85' lang='grc' dir='ltr'>τὸν</span> <span class='ocrx_word' id='word_1_195' title='bbox 374 1961 569 2022; x_wconf 82' lang='grc' dir='ltr'>κόλπον,</span> <span class='ocrx_word' id='word_1_196' title='bbox 596 1964 671 2012; x_wconf 83' lang='grc' dir='ltr'>ἵνα</span> <span class='ocrx_word' id='word_1_197' title='bbox 701 1963 766 2026; x_wconf 88' lang='grc' dir='ltr'>μὴ</span> <span class='ocrx_word' id='word_1_198' title='bbox 794 1965 920 2014; x_wconf 77' lang='grc' dir='ltr'>οὗτοι</span> <span class='ocrx_word' id='word_1_199' title='bbox 947 1965 1154 2026; x_wconf 75' lang='grc' dir='ltr'>λάβοιεν,</span> <span class='ocrx_word' id='word_1_200' title='bbox 1182 1965 1337 2029; x_wconf 86' lang='grc' dir='ltr'>ἐπειδὴ</span> <span class='ocrx_word' id='word_1_201' title='bbox 1363 1964 1499 2016; x_wconf 78' lang='grc' dir='ltr'>1εἶδεν</span> <span class='ocrx_word' id='word_1_202' title='bbox 1534 1967 1665 2017; x_wconf 73' lang='grc' dir='ltr'>ε”νδον</span> <span class='ocrx_word' id='word_1_203' title='bbox 1697 1968 1774 2018; x_wconf 82' lang='grc' dir='ltr'>ὅν-</span> 
     </span>
     <span class='ocr_line' id='line_1_23' title="bbox 257 2043 1902 2117; baseline 0.002 -24"><span class='ocrx_word' id='word_1_204' title='bbox 257 2067 339 2097; x_wconf 81' lang='grc' dir='ltr'>τας</span> <span class='ocrx_word' id='word_1_205' title='bbox 367 2043 545 2107; x_wconf 75' lang='grc' dir='ltr'>αὐτοὺς,</span> <span class='ocrx_word' id='word_1_206' title='bbox 575 2044 838 2099; x_wconf 87' lang='grc' dir='ltr'>κατιδόντες</span> <span class='ocrx_word' id='word_1_207' title='bbox 873 2047 1019 2110; x_wconf 81' lang='grc' dir='ltr'>αὐτὴν</span> <span class='ocrx_word' id='word_1_208' title='bbox 1054 2050 1174 2099; x_wconf 78' lang='grc' dir='ltr'>οὕτω</span> <span class='ocrx_word' id='word_1_209' title='bbox 1207 2048 1421 2099; x_wconf 89' lang='grc' dir='ltr'>διέθεσαν</span> <span class='ocrx_word' id='word_1_210' title='bbox 1447 2050 1780 2117; x_wconf 85' lang='grc' dir='ltr'>ἀφαιρούμενοι</span> <span class='ocrx_word' id='word_1_211' title='bbox 1799 2069 1902 2111; x_wconf 84' lang='lat'><strong>¹157</strong></span> 
     </span>
     <span class='ocr_line' id='line_1_24' title="bbox 257 2125 1773 2196; baseline 0.004 -22"><span class='ocrx_word' id='word_1_212' title='bbox 257 2125 311 2174; x_wconf 81' lang='grc' dir='ltr'>τὸ</span> <span class='ocrx_word' id='word_1_213' title='bbox 347 2128 546 2187; x_wconf 83' lang='grc' dir='ltr'>κυμβίον</span> <span class='ocrx_word' id='word_1_214' title='bbox 584 2126 840 2193; x_wconf 78' lang='grc' dir='ltr'>Θεόφημος</span> <span class='ocrx_word' id='word_1_215' title='bbox 875 2133 949 2178; x_wconf 82' lang='grc' dir='ltr'>καὶ</span> <span class='ocrx_word' id='word_1_216' title='bbox 986 2131 1194 2195; x_wconf 75' lang='grc' dir='ltr'>Εὔεργος</span> <span class='ocrx_word' id='word_1_217' title='bbox 1230 2129 1478 2196; x_wconf 47' lang='grc' dir='ltr'>Πἱοίδελφὸς</span> <span class='ocrx_word' id='word_1_218' title='bbox 1516 2131 1657 2180; x_wconf 82' lang='grc' dir='ltr'>αὐτοῦ</span> <span class='ocrx_word' id='word_1_219' title='bbox 1696 2132 1773 2180; x_wconf 82' lang='grc' dir='ltr'>οὑ-</span> 
     </span>
     <span class='ocr_line' id='line_1_25' title="bbox 190 2207 1779 2277; baseline 0.003 -20"><span class='ocrx_word' id='word_1_220' title='bbox 190 2212 377 2270; x_wconf 77' lang='grc' dir='ltr'>73τοσῖ,</span> <span class='ocrx_word' id='word_1_221' title='bbox 414 2207 539 2258; x_wconf 78' lang='grc' dir='ltr'>ὥστε</span> <span class='ocrx_word' id='word_1_222' title='bbox 579 2211 773 2274; x_wconf 77' lang='grc' dir='ltr'>ὕφαιμοι</span> <span class='ocrx_word' id='word_1_223' title='bbox 812 2210 897 2271; x_wconf 80' lang='grc' dir='ltr'>μὲν</span> <span class='ocrx_word' id='word_1_224' title='bbox 931 2215 973 2260; x_wconf 81' lang='grc' dir='ltr'>οὶ</span> <span class='ocrx_word' id='word_1_225' title='bbox 1007 2212 1254 2277; x_wconf 85' lang='grc' dir='ltr'>βραχίονες</span> <span class='ocrx_word' id='word_1_226' title='bbox 1289 2214 1363 2261; x_wconf 75' lang='grc' dir='ltr'>καὶ</span> <span class='ocrx_word' id='word_1_227' title='bbox 1401 2216 1442 2261; x_wconf 78' lang='grc' dir='ltr'>οἱ</span> <span class='ocrx_word' id='word_1_228' title='bbox 1481 2215 1650 2277; x_wconf 75' lang='grc' dir='ltr'>καρποὶ</span> <span class='ocrx_word' id='word_1_229' title='bbox 1685 2218 1779 2262; x_wconf 84' lang='grc' dir='ltr'>τῶν</span> 
     </span>
     <span class='ocr_line' id='line_1_26' title="bbox 256 2291 1770 2360; baseline 0.003 -21"><span class='ocrx_word' id='word_1_230' title='bbox 256 2295 422 2356; x_wconf 86' lang='grc' dir='ltr'>χειρῶν</span> <span class='ocrx_word' id='word_1_231' title='bbox 449 2292 590 2352; x_wconf 82' lang='grc' dir='ltr'>αὐτῆς</span> <span class='ocrx_word' id='word_1_232' title='bbox 621 2291 835 2354; x_wconf 86' lang='grc' dir='ltr'>ἐγένοντο</span> <span class='ocrx_word' id='word_1_233' title='bbox 866 2293 1287 2360; x_wconf 82' lang='grc' dir='ltr'>ἀποστρεφομένης</span> <span class='ocrx_word' id='word_1_234' title='bbox 1323 2291 1388 2342; x_wconf 80' lang='grc' dir='ltr'>τὼ</span> <span class='ocrx_word' id='word_1_235' title='bbox 1420 2298 1542 2359; x_wconf 80' lang='grc' dir='ltr'>χεῖρε</span> <span class='ocrx_word' id='word_1_236' title='bbox 1579 2296 1652 2343; x_wconf 79' lang='grc' dir='ltr'>καὶ</span> <span class='ocrx_word' id='word_1_237' title='bbox 1690 2295 1770 2343; x_wconf 88' lang='grc' dir='ltr'>ἑλ-</span> 
     </span>
     <span class='ocr_line' id='line_1_27' title="bbox 256 2371 1804 2443; baseline 0.004 -23"><span class='ocrx_word' id='word_1_238' title='bbox 256 2372 451 2434; x_wconf 87' lang='grc' dir='ltr'>κομένης</span> <span class='ocrx_word' id='word_1_239' title='bbox 498 2371 585 2422; x_wconf 82' lang='grc' dir='ltr'>ὑπὸ</span> <span class='ocrx_word' id='word_1_240' title='bbox 626 2372 802 2422; x_wconf 86' lang='grc' dir='ltr'>τούτων</span> <span class='ocrx_word' id='word_1_241' title='bbox 846 2375 1202 2441; x_wconf 81' lang='grc' dir='ltr'>ἀφαιρουμένων</span> <span class='ocrx_word' id='word_1_242' title='bbox 1244 2373 1297 2424; x_wconf 84' lang='grc' dir='ltr'>τὸ</span> <span class='ocrx_word' id='word_1_243' title='bbox 1340 2377 1552 2438; x_wconf 88' lang='grc' dir='ltr'>κυμβίον,</span> <span class='ocrx_word' id='word_1_244' title='bbox 1592 2377 1804 2443; x_wconf 74' lang='grc' dir='ltr'>ἀμυχάς5</span> 
     </span>
     <span class='ocr_line' id='line_1_28' title="bbox 255 2454 1771 2523; baseline 0.004 -21"><span class='ocrx_word' id='word_1_245' title='bbox 255 2455 292 2503; x_wconf 84' lang='grc' dir='ltr'>δ’</span> <span class='ocrx_word' id='word_1_246' title='bbox 321 2456 369 2503; x_wconf 85' lang='grc' dir='ltr'>ἐν</span> <span class='ocrx_word' id='word_1_247' title='bbox 401 2458 466 2521; x_wconf 72' lang='grc' dir='ltr'>τῷ</span> <span class='ocrx_word' id='word_1_248' title='bbox 502 2454 726 2522; x_wconf 75' lang='grc' dir='ltr'>τραχήλῳ</span> <span class='ocrx_word' id='word_1_249' title='bbox 764 2454 884 2521; x_wconf 76' lang='grc' dir='ltr'>εἶχεν</span> <span class='ocrx_word' id='word_1_250' title='bbox 920 2458 1172 2523; x_wconf 86' lang='grc' dir='ltr'>ἀγχομένη,</span> <span class='ocrx_word' id='word_1_251' title='bbox 1207 2456 1372 2507; x_wconf 80' lang='grc' dir='ltr'>πελιὸν</span> <span class='ocrx_word' id='word_1_252' title='bbox 1405 2457 1453 2507; x_wconf 78' lang='grc' dir='ltr'>δὲ</span> <span class='ocrx_word' id='word_1_253' title='bbox 1489 2458 1541 2507; x_wconf 82' lang='grc' dir='ltr'>τὸ</span> <span class='ocrx_word' id='word_1_254' title='bbox 1578 2462 1771 2521; x_wconf 81' lang='grc' dir='ltr'>στῆθος.</span> 
     </span>
     <span class='ocr_line' id='line_1_29' title="bbox 255 2535 1768 2606; baseline 0.005 -22"><span class='ocrx_word' id='word_1_255' title='bbox 255 2540 316 2587; x_wconf 81' lang='grc' dir='ltr'>εἷς</span> <span class='ocrx_word' id='word_1_256' title='bbox 344 2542 482 2585; x_wconf 80' lang='grc' dir='ltr'>τοῦτο</span> <span class='ocrx_word' id='word_1_257' title='bbox 510 2537 545 2584; x_wconf 86' lang='grc' dir='ltr'>δ’</span> <span class='ocrx_word' id='word_1_258' title='bbox 575 2535 725 2598; x_wconf 75' lang='grc' dir='ltr'>ἦλθον</span> <span class='ocrx_word' id='word_1_259' title='bbox 755 2540 979 2603; x_wconf 84' lang='grc' dir='ltr'>πονηρίας</span> <span class='ocrx_word' id='word_1_260' title='bbox 1015 2539 1153 2601; x_wconf 78' lang='grc' dir='ltr'>ὥστε,</span> <span class='ocrx_word' id='word_1_261' title='bbox 1181 2540 1265 2592; x_wconf 81' lang='grc' dir='ltr'>ἕως</span> <span class='ocrx_word' id='word_1_262' title='bbox 1292 2541 1545 2606; x_wconf 85' lang='grc' dir='ltr'>ἀφείλοντο</span> <span class='ocrx_word' id='word_1_263' title='bbox 1571 2540 1625 2591; x_wconf 80' lang='grc' dir='ltr'>τὸ</span> <span class='ocrx_word' id='word_1_264' title='bbox 1652 2564 1768 2604; x_wconf 87' lang='grc' dir='ltr'>κυμ-</span> 
     </span>
     <span class='ocr_line' id='line_1_30' title="bbox 253 2618 1773 2689; baseline 0.005 -23"><span class='ocrx_word' id='word_1_265' title='bbox 253 2619 359 2676; x_wconf 87' lang='grc' dir='ltr'>βίον</span> <span class='ocrx_word' id='word_1_266' title='bbox 395 2620 444 2667; x_wconf 86' lang='grc' dir='ltr'>ἐκ</span> <span class='ocrx_word' id='word_1_267' title='bbox 479 2623 560 2667; x_wconf 86' lang='grc' dir='ltr'>τοῦ</span> <span class='ocrx_word' id='word_1_268' title='bbox 601 2618 781 2669; x_wconf 90' lang='grc' dir='ltr'>κόλπου</span> <span class='ocrx_word' id='word_1_269' title='bbox 821 2621 974 2683; x_wconf 81' lang='grc' dir='ltr'>αὐτῆς,</span> <span class='ocrx_word' id='word_1_270' title='bbox 1011 2622 1092 2671; x_wconf 82' lang='grc' dir='ltr'>οὐκ</span> <span class='ocrx_word' id='word_1_271' title='bbox 1130 2621 1398 2671; x_wconf 89' lang='grc' dir='ltr'>ἐπαύσαντο</span> <span class='ocrx_word' id='word_1_272' title='bbox 1435 2623 1661 2689; x_wconf 78' lang='grc' dir='ltr'>ἄγχοντες</span> <span class='ocrx_word' id='word_1_273' title='bbox 1697 2627 1773 2674; x_wconf 79' lang='grc' dir='ltr'>καὶ</span> 
     </span>
    </p>
   </div>
   <div class='ocr_carea' id='block_1_3' title="bbox 190 2700 1825 2769">
    <p class='ocr_par' dir='ltr' id='par_1_3' title="bbox 190 2700 1825 2769">
     <span class='ocr_line' id='line_1_31' title="bbox 190 2700 1825 2769; baseline 0.006 -21"><span class='ocrx_word' id='word_1_274' title='bbox 190 2701 503 2755; x_wconf 70' lang='grc' dir='ltr'>74τύπτοντες</span> <span class='ocrx_word' id='word_1_275' title='bbox 542 2700 626 2763; x_wconf 88' lang='grc' dir='ltr'>τὴν</span> <span class='ocrx_word' id='word_1_276' title='bbox 662 2707 822 2765; x_wconf 85' lang='grc' dir='ltr'>γραῦν.</span> <span class='ocrx_word' id='word_1_277' title='bbox 880 2710 896 2727; x_wconf 78' lang='grc'>“</span> <span class='ocrx_word' id='word_1_278' title='bbox 916 2704 1158 2756; x_wconf 88' lang='grc' dir='ltr'>ἀκούοντες</span> <span class='ocrx_word' id='word_1_279' title='bbox 1194 2704 1243 2754; x_wconf 76' lang='grc' dir='ltr'>δὲ</span> <span class='ocrx_word' id='word_1_280' title='bbox 1282 2708 1322 2753; x_wconf 79' lang='grc' dir='ltr'>οἱ</span> <span class='ocrx_word' id='word_1_281' title='bbox 1362 2705 1642 2769; x_wconf 84' lang='grc' dir='ltr'>θεράποντες</span> <span class='ocrx_word' id='word_1_282' title='bbox 1678 2712 1825 2757; x_wconf 80' lang='grc' dir='ltr'>τῶνιο</span> 
     </span>
    </p>
   </div>
   <div class='ocr_carea' id='block_1_4' title="bbox 251 2858 1770 3013">
    <p class='ocr_par' dir='ltr' id='par_1_4' title="bbox 251 2858 1770 3013">
     <span class='ocr_line' id='line_1_32' title="bbox 306 2858 1767 2905; baseline 0.005 -12"><span class='ocrx_word' id='word_1_283' title='bbox 306 2858 319 2883; x_wconf 86' lang='lat' dir='ltr'><strong>f</strong></span> <span class='ocrx_word' id='word_1_284' title='bbox 338 2862 417 2904; x_wconf 74' lang='grc' dir='ltr'>ἐμὴν</span> <span class='ocrx_word' id='word_1_285' title='bbox 437 2874 504 2895; x_wconf 85' lang='lat' dir='ltr'>om.</span> <span class='ocrx_word' id='word_1_286' title='bbox 524 2862 558 2894; x_wconf 82' lang='lat' dir='ltr'>S.</span> <span class='ocrx_word' id='word_1_287' title='bbox 645 2868 664 2894; x_wconf 66' lang='lat' dir='ltr'>g</span> <span class='ocrx_word' id='word_1_288' title='bbox 683 2877 722 2905; x_wconf 83' lang='grc' dir='ltr'>με</span> <span class='ocrx_word' id='word_1_289' title='bbox 745 2875 813 2896; x_wconf 87' lang='lat' dir='ltr'>om.</span> <span class='ocrx_word' id='word_1_290' title='bbox 838 2864 872 2896; x_wconf 73' lang='lat' dir='ltr'>S.</span> <span class='ocrx_word' id='word_1_291' title='bbox 972 2862 990 2887; x_wconf 83' lang='lat'>¹¹</span> <span class='ocrx_word' id='word_1_292' title='bbox 1012 2865 1064 2897; x_wconf 79' lang='grc' dir='ltr'>καὶ</span> <span class='ocrx_word' id='word_1_293' title='bbox 1084 2877 1152 2897; x_wconf 85' lang='lat' dir='ltr'>om.</span> <span class='ocrx_word' id='word_1_294' title='bbox 1171 2863 1303 2902; x_wconf 81' lang='lat' dir='ltr'><strong>A.S.Q.</strong></span> <span class='ocrx_word' id='word_1_295' title='bbox 1395 2862 1402 2888; x_wconf 83' lang='lat' dir='ltr'>i</span> <span class='ocrx_word' id='word_1_296' title='bbox 1426 2866 1478 2898; x_wconf 81' lang='grc' dir='ltr'>καὶ</span> <span class='ocrx_word' id='word_1_297' title='bbox 1498 2867 1556 2898; x_wconf 85' lang='grc' dir='ltr'>τὸν</span> <span class='ocrx_word' id='word_1_298' title='bbox 1575 2866 1677 2899; x_wconf 77' lang='grc' dir='ltr'>παῖδα</span> <span class='ocrx_word' id='word_1_299' title='bbox 1699 2878 1767 2900; x_wconf 86' lang='lat' dir='ltr'>om.</span> 
     </span>
     <span class='ocr_line' id='line_1_33' title="bbox 255 2913 1770 2963; baseline 0.004 -19"><span class='ocrx_word' id='word_1_300' title='bbox 255 2913 343 2950; x_wconf 61' lang='lat' dir='ltr'>RQ.</span> <span class='ocrx_word' id='word_1_301' title='bbox 430 2913 443 2934; x_wconf 47' lang='grc' dir='ltr'>Κ</span> <span class='ocrx_word' id='word_1_302' title='bbox 467 2914 597 2958; x_wconf 73' lang='grc' dir='ltr'>αὐτοῖς]</span> <span class='ocrx_word' id='word_1_303' title='bbox 623 2915 735 2949; x_wconf 77' lang='grc' dir='ltr'>αὐτοῖς</span> <span class='ocrx_word' id='word_1_304' title='bbox 758 2918 791 2948; x_wconf 78' lang='lat' dir='ltr'>S.</span> <span class='ocrx_word' id='word_1_305' title='bbox 889 2914 895 2939; x_wconf 77' lang='lat'>¹</span> <span class='ocrx_word' id='word_1_306' title='bbox 918 2913 1022 2962; x_wconf 80' lang='grc' dir='ltr'>εἶδεν]</span> <span class='ocrx_word' id='word_1_307' title='bbox 1047 2917 1117 2949; x_wconf 79' lang='grc' dir='ltr'>ἰ’δεν</span> <span class='ocrx_word' id='word_1_308' title='bbox 1139 2917 1172 2949; x_wconf 79' lang='lat' dir='ltr'>S.</span> <span class='ocrx_word' id='word_1_309' title='bbox 1263 2922 1290 2940; x_wconf 77' lang='lat'>¹¹¹</span> <span class='ocrx_word' id='word_1_310' title='bbox 1312 2916 1480 2963; x_wconf 76' lang='grc' dir='ltr'>ἁδελφὸς]</span> <span class='ocrx_word' id='word_1_311' title='bbox 1507 2919 1730 2952; x_wconf 71' lang='lat' dir='ltr'>scribebatur</span> <span class='ocrx_word' id='word_1_312' title='bbox 1753 2920 1770 2950; x_wconf 90' lang='grc' dir='ltr'>ὁ</span> 
     </span>
     <span class='ocr_line' id='line_1_34' title="bbox 251 2964 1292 3013; baseline 0.006 -18"><span class='ocrx_word' id='word_1_313' title='bbox 251 2964 412 3007; x_wconf 67' lang='grc' dir='ltr'>ἀδελφός.</span> <span class='ocrx_word' id='word_1_314' title='bbox 446 2968 462 2997; x_wconf 71' lang='lat'>«3</span> <span class='ocrx_word' id='word_1_315' title='bbox 485 2978 554 3000; x_wconf 78' lang='lat' dir='ltr'>om.</span> <span class='ocrx_word' id='word_1_316' title='bbox 576 2967 660 3005; x_wconf 48' lang='lat' dir='ltr'>§.Q-</span> <span class='ocrx_word' id='word_1_317' title='bbox 774 2974 791 2991; x_wconf 74' lang='lat'>¹¹</span> <span class='ocrx_word' id='word_1_318' title='bbox 814 2968 1007 3013; x_wconf 63' lang='grc' dir='ltr'>ἀκούοντες]</span> <span class='ocrx_word' id='word_1_319' title='bbox 1030 2969 1233 3003; x_wconf 77' lang='grc' dir='ltr'>ἀκούσαντες</span> <span class='ocrx_word' id='word_1_320' title='bbox 1256 2969 1292 3001; x_wconf 88' lang='lat' dir='ltr'>F.</span> 
     </span>
    </p>
   </div>
  </div>
 </body>
</html>
