2009 3286
71 199 257 251 -1218‚
275 215 305 245 ⁷.
710 202 855 240 ΠΡΟΣ
887 202 1204 241 HOATKAEA.
1609 199 1718 240 1241

198 312 340 363 αὑτὸν
365 313 631 378 ἐποιούμην,
659 315 734 363 καὶ
760 313 923 381 ἠξίουν
948 312 1090 364 αὐτὸν
1116 313 1204 376 τήν
1228 335 1279 363 τε
1312 319 1425 363 ναῦν
1450 336 1528 376 μοι
1560 336 1718 379 παρα·
1740 340 1777 361 ιο

197 395 460 459 λαμβάνειν
487 399 561 447 καὶ
596 403 680 447 τοῦ
715 396 1281 464 (Ῑέπιτετριηραρχημένου
1319 395 1492 464 χρόνου
1525 398 1716 448 Γοἰποδι-

197 479 328 531 δόναι
371 504 451 544 μοι
501 481 836 545 τάναλώματα,
878 484 954 532 καὶ
997 483 1104 548 περὶ
1155 486 1250 532 τῶν
1294 486 1480 533 σκευῶν
1530 481 1725 548 ἠρώτων

197 563 352 627 αὐτὸν,
377 565 555 631 πότερα
592 564 934 632 παραλήψεται
973 564 1002 630 ἢ
1040 566 1134 616 ἰ’δια
1172 566 1317 629 σκεύη
1342 565 1473 664 ἔχων
1512 566 1613 665 ἥκρι
1650 567 1725 616 ἐπι

127 668 283 712 44την
309 655 436 700 ναῦν.
492 655 640 700 ταῦτα
666 650 720 700 δέ
740 672 831 712 μου
858 648 1281 715 Ξπροκαλουμένου
1299 648 1455 712 αὐτὸν,
1481 648 1640 716 ἠρώτα
1666 672 1722 713 με
1740 669 1776 701 15

197 732 314 784 διότι
352 734 498 797 σκεύη
537 756 588 784 τε
626 734 775 784 ιδια
790 733 932 797 μόνος
971 756 1120 800 εχοιμι
1160 738 1255 783 τῶν
1298 755 1610 799 τριηραρχων,
1649 735 1725 783 καὶ

196 815 373 884 πότερα
398 818 427 882 ἡ
454 816 594 871 πόλις
627 818 710 868 οὐκ
749 819 884 882 εἰδείη
922 817 1051 870 τινὰς
1085 817 1366 879 δυναμένους
1392 817 1538 881 σκεύη
1563 839 1722 883 παρα-

197 906 333 968 σχεῖν
359 906 460 955 ταῖς
499 904 681 963 ναυσὶν,
708 900 833 952 ὥστε
861 901 978 966 αὐτὴ
1011 901 1076 966 μὴ
1101 901 1338 968 παρέχειν.
1395 900 1467 966 “ἣ
1503 900 1568 951 σὺ
1601 924 1722 952 τοσ-

197 991 224 1014 “
251 988 416 1037 οῦτον”
468 994 490 1013 ¹¹
509 987 601 1055 ἔφη
654 993 680 1016 “
702 986 1046 1053 ὑπερπέπαικας
1107 986 1304 1055 πλούτῳ
1370 985 1477 1039 τοῦς
1529 986 1723 1048 ἄλλους,

199 1077 225 1098 “
251 1068 376 1120 ὥστε
422 1072 497 1121 καὶ
532 1070 707 1135 Χσκευή
745 1070 839 1121 ’ίδια
881 1071 1002 1138 ε”χειν
1041 1073 1116 1121 καὶ
1158 1070 1342 1135 κόσμον
1379 1068 1725 1137 χρυσόπαστον
1738 1092 1779 1114 20

968 1156 978 1173 l
1036 1153 1054 1173 vx

126 1172 181 1213 45
198 1161 225 1183 “
252 1154 393 1217 μόνος
429 1158 522 1205 τῶν
555 1154 851 1222 τριηράρχων
873 1177 885 1217 3
929 1178 998 1209 τις
1025 1179 1083 1205 αν
1112 1154 1310 1206 Υδύναιτ’
1340 1155 1445 1205 οῦν”
1475 1154 1568 1223 ἔφη
1596 1160 1623 1183 “
1639 1152 1725 1217 τὴν

196 1236 344 1301 “σὴν
387 1239 559 1301 μανίαν
606 1242 681 1289 καὶ
725 1240 1038 1290 πολυτέλειαν
1083 1241 1337 1302 ὑπομεῖναι,
1385 1237 1727 1307 διεφθαρμένον

196 1329 224 1350 “
250 1320 372 1385 Ζμὲν
415 1321 656 1388 πληρωμα
702 1345 775 1373 και
822 1322 984 1377 ειωθὸς
1025 1323 1250 1389 ἀργύριον
1294 1321 1422 1374 πολὺ
1464 1328 1723 1388 προλαμ-

809 1406 862 1433 b’

197 1413 222 1434 ‘⁶
248 1404 410 1466 βανειν
445 1429 521 1456 και
557 1407 768 1461 ἀτελειας
839 1407 968 1470 οίγειν
1004 1411 1098 1457 τῶν
1135 1406 1444 1471 νομιζομένων
1477 1407 1525 1456 ἐν
1558 1409 1617 1472 τῇ
1653 1407 1726 1469 νηὶ

668 1492 681 1508 N

196 1496 223 1518 ‘⁶
251 1494 556 1556 λειτουργιῶν
607 1513 683 1541 και
729 1495 968 1542 ολοῦσθαι
1018 1492 1066 1542 ἐν
1110 1492 1362 1560 βαλανείῳ,
1410 1489 1778 1558 ἀτρυφῶντας25

197 1580 223 1602 “
250 1575 287 1623 δ’
331 1573 560 1635 ἐπιβάτας
611 1576 687 1625 καὶ
729 1576 990 1641 ὑπηρεσίαν
1042 1573 1132 1626 ὑπὸ
1182 1578 1360 1638 μισθοῦ
1410 1579 1601 1625 πολλοῦ
1650 1574 1727 1624 καὶ

197 1663 223 1685 “
251 1658 501 1720 ἐντελοῦς;
547 1663 703 1708 κακῶν
749 1660 820 1709 δ’”
867 1659 960 1727 ἔφη
1012 1658 1345 1712 ἐςδιδάσκαλος
1396 1658 1627 1724 ε*γέγονας
1678 1658 1726 1708 ἐν

197 1748 223 1770 “
249 1746 316 1812 τῷ
355 1743 690 1808 στρατεύματι,
730 1745 806 1794 καὶ
845 1744 990 1797 α’ίτιος
1028 1742 1070 1794 εἶ
1107 1743 1243 1810 μέρος
1285 1766 1330 1794 τι
1370 1746 1446 1794 καὶ
1486 1748 1583 1797 τοῖς
1629 1742 1721 1793 ἄλ-

742 1826 757 1854 f

197 1833 222 1855 ‘⁴
248 1833 350 1880 λοις
400 1826 699 1895 τριηράρχοις
774 1828 1115 1894 πονηροτέρους
1167 1825 1281 1878 εἶναι
1331 1826 1438 1880 τοῦς
1483 1825 1721 1893 στρατιώ-

197 1916 223 1938 “
249 1932 346 1971 τας,
398 1910 648 1976 ζητοῦντας
697 1911 845 1962 ταύτὰ
896 1917 992 1964 τοῖς
1046 1910 1177 1977 παρὰ
1227 1912 1323 1961 σοί·
1384 1910 1473 1961 ἔδει
1522 1909 1617 1977 γὰρ
1668 1908 1850 1959 σὲ1218

127 2007 182 2057 46
199 2000 224 2022 ‘⁶
250 1993 398 2044 ταῦτα
447 1999 595 2044 ποιεῖν
645 2000 741 2047 τοῖς
790 1995 958 2048 ἄλλοις
1009 1994 1353 2061 τριηράρχοις.”
1409 1994 1634 2060 λέγοντος
1685 1993 1723 2042 δ’

197 2078 340 2127 αὐτοῦ
378 2079 521 2139 ταῦτ’,
555 2078 873 2144 ἀπεκρινάμην
910 2080 1035 2147 αὐτῷ
1071 2078 1142 2129 ὅτι
1178 2077 1324 2142 σκεύη
1360 2077 1444 2141 μὲν
1478 2076 1553 2128 διὰ
1587 2082 1726 2127 τοῦτο

195 2162 249 2210 οὐ
290 2160 487 2225 λάβοιμι
532 2163 581 2213 ἐκ
632 2168 716 2213 τοῦ
769 2164 973 2228 νεωρίου,
1022 2161 1091 2212 ὅτι
1140 2161 1204 2212 σὺ
1246 2160 1448 2224 ἀδόκιμα
1497 2161 1726 2224 ἐποίησας

240 2246 250 2259 ’
303 2244 314 2258 f
401 2247 409 2260 ι
487 2250 497 2266 9
563 2249 573 2263 ³
660 2245 671 2263 x
825 2246 835 2260 t
1036 2253 1055 2261 Α
1277 2245 1290 2260 f
1498 2249 1507 2262 ‚
1591 2244 1601 2262 x
1690 2244 1703 2261 x

195 2268 328 2295 αντα.
383 2251 482 2295 αλλ
538 2269 574 2296 ει
616 2269 700 2308 μεν
744 2252 923 2309 βουλει,
968 2269 1118 2297 ταυτα
1159 2251 1429 2312 παραλαβε·
1472 2269 1510 2296 ει
1554 2249 1603 2296 δε
1643 2269 1754 2310 μη,5

196 2328 343 2392 σκεύη
369 2333 533 2397 σαυτῷ
572 2329 916 2396 παρασκεύαζε.
965 2335 1071 2396 περὶ
1103 2329 1150 2380 δὲ
1177 2334 1271 2380 τῶν
1304 2334 1486 2381 ναυτῶν
1519 2331 1594 2380 καὶ
1629 2334 1724 2380 τῶν

1462 2418 1482 2427 Α

196 2415 432 2474 ἐπιβατῶν
479 2416 554 2464 καὶ
595 2417 677 2477 τῆς
720 2415 988 2480 ὑπηρεσίας,
1030 2419 1067 2465 εἱ
1112 2413 1207 2483 φῂς
1251 2415 1329 2464 ὑπ’
1369 2414 1482 2476 ε’μου
1521 2412 1726 2466 ἕαῦτοῦς

251 2592 270 2619 q
305 2585 945 2630 ε’πιτετριηραρχημένου-ἀποδιδόναι
977 2601 1035 2630 μοι
1067 2587 1109 2619 τὰ
1147 2586 1262 2631 dmm]
1308 2586 1655 2630 ἐπιτριηραρχημένου
1694 2597 1724 2619 r.

198 2646 211 2664 ¹*
231 2639 428 2674 ἀποδιδόναι
447 2654 504 2682 μοι
524 2640 566 2672 τὰ
584 2639 806 2685 ἀναλώματα]
831 2639 1018 2673 ἀποδοῦναι’
1045 2654 1103 2683 μοι
1132 2640 1359 2683 τάναλώματα
1379 2640 1454 2673 Α.1·.
1487 2639 1580 2671 unde
1610 2638 1726 2682 recepi

195 2693 432 2736 τάναλώματα.
556 2698 570 2717 S
591 2694 886 2739 προκαλουμένου]
912 2694 1214 2738 προκαλεσαμένου
1234 2693 1310 2726 Α.1’.
1436 2691 1449 2715 t
1468 2693 1571 2734 μόνος
1590 2689 1721 2734 ἔχοιμι]

196 2747 309 2790 ἔχοιμι
328 2747 431 2789 μόνος
450 2746 525 2780 A.r.
629 2753 649 2772 U
669 2746 737 2788 ἔφη
758 2758 829 2780 om.
855 2747 891 2781 S.
998 2752 1015 2770 Χ
1038 2745 1159 2791 σκεύη]
1184 2746 1226 2779 τὰ
1247 2744 1351 2787 σκεύη
1373 2744 1461 2782 ῈΗΟ
1560 2750 1578 2777 Y
1599 2742 1725 2776 δύναιτ’

197 2798 256 2832 οὖν
278 2800 313 2833 S.
345 2799 545 2844 Legebatur
566 2797 624 2832 οῦν
644 2797 790 2833 δύναιτο.
897 2805 913 2823 Ζ
933 2800 995 2843 μὲν
1015 2812 1086 2833 01η.
1112 2800 1198 2837 F.Q.
1299 2803 1317 2823 a
1336 2796 1611 2842 προλαμβάνειν]
1637 2798 1723 2838 λαμ-

197 2853 314 2890 βάνειν
334 2852 408 2885 A.r.
520 2849 539 2876 b
560 2851 671 2897 ἄγειν]
697 2853 787 2895 ἔχειν
807 2865 834 2886 r.
945 2858 961 2877 ‘³
981 2853 1148 2897 λοῦσθαι]
1172 2851 1362 2886 λελοῦσθαι
1384 2863 1435 2894 pr.
1456 2851 1490 2883 S.
1602 2846 1619 2874 d
1641 2863 1725 2893 τρυ-

200 2908 338 2949 φῶντας
357 2903 405 2949 δ’]
429 2906 629 2949 τρυφῶντάς
651 2904 679 2936 τ’
701 2907 776 2939 A.r.
889 2912 904 2929 (’
924 2905 1083 2951 γέγονας]
1108 2905 1262 2950 πέφηνας
1283 2917 1322 2939 r..
1344 2915 1415 2936 non
1434 2904 1476 2937 A.
1589 2899 1603 2925 f
1620 2915 1726 2939 πονη·

199 2958 376 3003 ροτέρους]
402 2960 461 2991 τοῦ
484 2959 729 3002 πονηροτέρους
750 2960 823 2992 A.r.
936 2965 956 2991 b*
977 2958 1114 3003 αὐτοὺς]
1141 2972 1241 2992 αυτος
1264 2959 1287 2989 S
