<?xml version="1.0" encoding="UTF-8"?>
<!DOCTYPE html PUBLIC "-//W3C//DTD XHTML 1.0 Transitional//EN"
    "http://www.w3.org/TR/xhtml1/DTD/xhtml1-transitional.dtd">
<html xmlns="http://www.w3.org/1999/xhtml" xml:lang="en" lang="en">
 <head>
  <title>
</title>
<meta http-equiv="Content-Type" content="text/html;charset=utf-8" />
  <meta name='ocr-system' content='tesseract 3.04.00' />
  <meta name='ocr-capabilities' content='ocr_page ocr_carea ocr_par ocr_line ocrx_word'/>
</head>
<body>
  <div class='ocr_page' id='page_1' title='image "./operaexrecension00demouoft_0369.png"; bbox 0 0 2009 3286; ppageno 0'>
   <div class='ocr_carea' id='block_1_1' title="bbox 98 208 1753 259">
    <p class='ocr_par' dir='ltr' id='par_1_1' title="bbox 98 208 1753 259">
     <span class='ocr_line' id='line_1_1' title="bbox 98 208 1753 259; baseline 0.003 -15"><span class='ocrx_word' id='word_1_1' title='bbox 98 217 286 259; x_wconf 75' lang='lat'>—14542</span> <span class='ocrx_word' id='word_1_2' title='bbox 307 222 337 250; x_wconf 91' lang='lat'>7.</span> <span class='ocrx_word' id='word_1_3' title='bbox 845 212 1134 249; x_wconf 78' lang='lat' dir='ltr'>HPOOIMIA.</span> <span class='ocrx_word' id='word_1_4' title='bbox 1640 208 1753 249; x_wconf 78' lang='lat'>1477</span> 
     </span>
    </p>
   </div>
   <div class='ocr_carea' id='block_1_2' title="bbox 214 320 1879 1971">
    <p class='ocr_par' dir='ltr' id='par_1_2' title="bbox 214 320 1879 1971">
     <span class='ocr_line' id='line_1_2' title="bbox 221 320 1806 387; baseline -0.001 -17"><span class='ocrx_word' id='word_1_5' title='bbox 221 338 346 371; x_wconf 90' lang='grc' dir='ltr'>κατε·</span> <span class='ocrx_word' id='word_1_6' title='bbox 407 320 538 384; x_wconf 90' lang='grc' dir='ltr'>πλὴν</span> <span class='ocrx_word' id='word_1_7' title='bbox 589 320 681 386; x_wconf 78' lang='grc' dir='ltr'>γὰρ</span> <span class='ocrx_word' id='word_1_8' title='bbox 731 322 814 371; x_wconf 88' lang='grc' dir='ltr'>οὐκ</span> <span class='ocrx_word' id='word_1_9' title='bbox 869 321 961 387; x_wconf 78' lang='grc' dir='ltr'>ε”χω</span> <span class='ocrx_word' id='word_1_10' title='bbox 1018 322 1142 375; x_wconf 86' lang='grc' dir='ltr'>τίνος</span> <span class='ocrx_word' id='word_1_11' title='bbox 1197 321 1326 383; x_wconf 80' lang='grc' dir='ltr'>ε’ίπω,</span> <span class='ocrx_word' id='word_1_12' title='bbox 1378 321 1539 371; x_wconf 79' lang='grc' dir='ltr'>τᾶλλα</span> <span class='ocrx_word' id='word_1_13' title='bbox 1594 320 1751 370; x_wconf 81' lang='grc' dir='ltr'>πάντα</span> <span class='ocrx_word' id='word_1_14' title='bbox 1769 349 1806 370; x_wconf 91' lang='lat'>10</span> 
     </span>
     <span class='ocr_line' id='line_1_3' title="bbox 221 402 1745 469; baseline 0 -17"><span class='ocrx_word' id='word_1_15' title='bbox 221 403 327 464; x_wconf 78' lang='grc' dir='ltr'>ὑμῖν</span> <span class='ocrx_word' id='word_1_16' title='bbox 358 405 593 454; x_wconf 80' lang='grc' dir='ltr'>ἀναθεῖναι</span> <span class='ocrx_word' id='word_1_17' title='bbox 628 404 947 469; x_wconf 83' lang='grc' dir='ltr'>πεπείρανται.</span> <span class='ocrx_word' id='word_1_18' title='bbox 1001 407 1037 453; x_wconf 81' lang='grc' dir='ltr'>εἷ</span> <span class='ocrx_word' id='word_1_19' title='bbox 1071 404 1156 467; x_wconf 77' lang='grc' dir='ltr'>μὲν</span> <span class='ocrx_word' id='word_1_20' title='bbox 1183 405 1264 454; x_wconf 79' lang='grc' dir='ltr'>οὖν</span> <span class='ocrx_word' id='word_1_21' title='bbox 1288 402 1416 467; x_wconf 76' lang='grc' dir='ltr'>ἦσαν</span> <span class='ocrx_word' id='word_1_22' title='bbox 1445 404 1599 453; x_wconf 80' lang='grc' dir='ltr'>αὐτῶν</span> <span class='ocrx_word' id='word_1_23' title='bbox 1625 404 1745 466; x_wconf 80' lang='grc' dir='ltr'>ἀλη-</span> 
     </span>
     <span class='ocr_line' id='line_1_4' title="bbox 219 484 1751 554; baseline -0.001 -18"><span class='ocrx_word' id='word_1_24' title='bbox 219 490 312 540; x_wconf 86' lang='grc' dir='ltr'>θεῖς</span> <span class='ocrx_word' id='word_1_25' title='bbox 359 491 406 537; x_wconf 79' lang='grc' dir='ltr'>αἱ</span> <span class='ocrx_word' id='word_1_26' title='bbox 457 488 746 552; x_wconf 81' lang='grc' dir='ltr'>κατηγορίαι,</span> <span class='ocrx_word' id='word_1_27' title='bbox 798 486 937 554; x_wconf 78' lang='grc' dir='ltr'>χάριν</span> <span class='ocrx_word' id='word_1_28' title='bbox 985 495 1077 552; x_wconf 68' lang='grc' dir='ltr'>(Ῑγε</span> <span class='ocrx_word' id='word_1_29' title='bbox 1128 487 1307 554; x_wconf 55' lang='grc' dir='ltr'>Υεῖχετε</span> <span class='ocrx_word' id='word_1_30' title='bbox 1359 486 1545 538; x_wconf 80' lang='grc' dir='ltr'>εἰκότως</span> <span class='ocrx_word' id='word_1_31' title='bbox 1597 484 1667 546; x_wconf 79' lang='grc' dir='ltr'>ἂν,</span> <span class='ocrx_word' id='word_1_32' title='bbox 1713 490 1751 536; x_wconf 81' lang='grc' dir='ltr'>εἰ</span> 
     </span>
     <span class='ocr_line' id='line_1_5' title="bbox 217 569 1747 637; baseline -0.002 -16"><span class='ocrx_word' id='word_1_33' title='bbox 217 570 336 636; x_wconf 81' lang='grc' dir='ltr'>πρὸς</span> <span class='ocrx_word' id='word_1_34' title='bbox 375 572 494 634; x_wconf 82' lang='grc' dir='ltr'>ὑμᾶς</span> <span class='ocrx_word' id='word_1_35' title='bbox 531 572 677 624; x_wconf 79' lang='grc' dir='ltr'>οὕτως</span> <span class='ocrx_word' id='word_1_36' title='bbox 714 573 844 635; x_wconf 81' lang='grc' dir='ltr'>ὑμῶν</span> <span class='ocrx_word' id='word_1_37' title='bbox 878 570 1172 637; x_wconf 88' lang='grc' dir='ltr'>κατηγόρουν</span> <span class='ocrx_word' id='word_1_38' title='bbox 1203 572 1278 621; x_wconf 74' lang='grc' dir='ltr'>καὶ</span> <span class='ocrx_word' id='word_1_39' title='bbox 1311 569 1376 634; x_wconf 82' lang='grc' dir='ltr'>μὴ</span> <span class='ocrx_word' id='word_1_40' title='bbox 1407 569 1525 635; x_wconf 83' lang='grc' dir='ltr'>πρὸς</span> <span class='ocrx_word' id='word_1_41' title='bbox 1552 569 1747 622; x_wconf 78' lang='grc' dir='ltr'>ἄλλους.</span> 
     </span>
     <span class='ocr_line' id='line_1_6' title="bbox 218 653 1747 722; baseline -0.001 -19"><span class='ocrx_word' id='word_1_42' title='bbox 218 654 374 717; x_wconf 85' lang='grc' dir='ltr'>ἐπειδὴ</span> <span class='ocrx_word' id='word_1_43' title='bbox 415 653 463 704; x_wconf 79' lang='grc' dir='ltr'>δὲ</span> <span class='ocrx_word' id='word_1_44' title='bbox 503 654 880 722; x_wconf 74' lang='grc' dir='ltr'>διαστρέψαντες</span> <span class='ocrx_word' id='word_1_45' title='bbox 918 656 1120 719; x_wconf 81' lang='grc' dir='ltr'>τάληθῆ,</span> <span class='ocrx_word' id='word_1_46' title='bbox 1160 656 1236 705; x_wconf 77' lang='grc' dir='ltr'>καὶ</span> <span class='ocrx_word' id='word_1_47' title='bbox 1282 654 1341 705; x_wconf 82' lang='grc' dir='ltr'>τὰ</span> <span class='ocrx_word' id='word_1_48' title='bbox 1384 653 1468 716; x_wconf 71' lang='grc' dir='ltr'>μὲν</span> <span class='ocrx_word' id='word_1_49' title='bbox 1505 654 1747 719; x_wconf 79' lang='grc' dir='ltr'>παραβαί-</span> 
     </span>
     <span class='ocr_line' id='line_1_7' title="bbox 218 737 1802 806; baseline 0 -20"><span class='ocrx_word' id='word_1_50' title='bbox 218 759 387 800; x_wconf 87' lang='grc' dir='ltr'>νοντες,</span> <span class='ocrx_word' id='word_1_51' title='bbox 424 739 506 806; x_wconf 85' lang='grc' dir='ltr'>ἀφ’</span> <span class='ocrx_word' id='word_1_52' title='bbox 542 737 606 789; x_wconf 76' lang='grc' dir='ltr'>ὧν</span> <span class='ocrx_word' id='word_1_53' title='bbox 647 737 705 789; x_wconf 77' lang='grc' dir='ltr'>ἂν</span> <span class='ocrx_word' id='word_1_54' title='bbox 742 738 981 804; x_wconf 79' lang='grc' dir='ltr'>μεγάλους</span> <span class='ocrx_word' id='word_1_55' title='bbox 1020 740 1234 792; x_wconf 80' lang='grc' dir='ltr'>ἐπαίνους</span> <span class='ocrx_word' id='word_1_56' title='bbox 1273 740 1557 802; x_wconf 88' lang='grc' dir='ltr'>κομίσαισθε</span> <span class='ocrx_word' id='word_1_57' title='bbox 1597 738 1746 788; x_wconf 87' lang='grc' dir='ltr'>δικαί-</span> <span class='ocrx_word' id='word_1_58' title='bbox 1769 756 1802 785; x_wconf 82' lang='lat'>¹5</span> 
     </span>
     <span class='ocr_line' id='line_1_8' title="bbox 219 820 1752 890; baseline 0 -20"><span class='ocrx_word' id='word_1_59' title='bbox 219 843 295 883; x_wconf 89' lang='grc' dir='ltr'>ως,</span> <span class='ocrx_word' id='word_1_60' title='bbox 334 820 394 871; x_wconf 81' lang='grc' dir='ltr'>τὰ</span> <span class='ocrx_word' id='word_1_61' title='bbox 436 823 474 871; x_wconf 89' lang='grc' dir='ltr'>δ’</span> <span class='ocrx_word' id='word_1_62' title='bbox 516 821 842 885; x_wconf 81' lang='grc' dir='ltr'>αἰτιασάμενοι</span> <span class='ocrx_word' id='word_1_63' title='bbox 882 825 1038 890; x_wconf 79' lang='grc' dir='ltr'>ψευδῆ</span> <span class='ocrx_word' id='word_1_64' title='bbox 1083 824 1158 872; x_wconf 77' lang='grc' dir='ltr'>καὶ</span> <span class='ocrx_word' id='word_1_65' title='bbox 1202 822 1256 872; x_wconf 81' lang='grc' dir='ltr'>οὐ</span> <span class='ocrx_word' id='word_1_66' title='bbox 1299 820 1591 888; x_wconf 85' lang='grc' dir='ltr'>προσήκονθ’</span> <span class='ocrx_word' id='word_1_67' title='bbox 1633 823 1752 883; x_wconf 81' lang='grc' dir='ltr'>ὑμῖν,</span> 
     </span>
     <span class='ocr_line' id='line_1_9' title="bbox 217 903 1755 974; baseline 0.001 -21"><span class='ocrx_word' id='word_1_68' title='bbox 217 903 468 970; x_wconf 80' lang='grc' dir='ltr'>κέχρηνται</span> <span class='ocrx_word' id='word_1_69' title='bbox 519 909 587 974; x_wconf 72' lang='grc' dir='ltr'>τῷ</span> <span class='ocrx_word' id='word_1_70' title='bbox 638 904 787 974; x_wconf 79' lang='grc' dir='ltr'>λόγῳ,</span> <span class='ocrx_word' id='word_1_71' title='bbox 832 904 1066 971; x_wconf 76' lang='grc' dir='ltr'>πονηροὺς</span> <span class='ocrx_word' id='word_1_72' title='bbox 1116 906 1292 956; x_wconf 88' lang='grc' dir='ltr'>δίκαιον</span> <span class='ocrx_word' id='word_1_73' title='bbox 1343 903 1525 967; x_wconf 76' lang='grc' dir='ltr'>αὐτοὺς,</span> <span class='ocrx_word' id='word_1_74' title='bbox 1570 904 1755 955; x_wconf 76' lang='grc' dir='ltr'>ἐπειδᾶν</span> 
     </span>
     <span class='ocr_line' id='line_1_10' title="bbox 217 987 1749 1055; baseline 0.001 -18"><span class='ocrx_word' id='word_1_75' title='bbox 217 987 577 1055; x_wconf 52' lang='grc' dir='ltr'>5ἐξελεγχθῶσι</span> <span class='ocrx_word' id='word_1_76' title='bbox 618 994 766 1039; x_wconf 81' lang='grc' dir='ltr'>ταῦτα</span> <span class='ocrx_word' id='word_1_77' title='bbox 805 989 1122 1053; x_wconf 82' lang='grc' dir='ltr'>πεποιηκότες,</span> <span class='ocrx_word' id='word_1_78' title='bbox 1163 988 1374 1054; x_wconf 70' lang='grc' dir='ltr'>νομίζειν.</span> <span class='ocrx_word' id='word_1_79' title='bbox 1426 989 1493 1039; x_wconf 60' lang='grc' dir='ltr'>ἰεἰ</span> <span class='ocrx_word' id='word_1_80' title='bbox 1532 987 1624 1054; x_wconf 77' lang='grc' dir='ltr'>γὰρ</span> <span class='ocrx_word' id='word_1_81' title='bbox 1661 988 1749 1054; x_wconf 89' lang='grc' dir='ltr'>ῥή-</span> 
     </span>
     <span class='ocr_line' id='line_1_11' title="bbox 215 1071 1806 1136; baseline 0.003 -16"><span class='ocrx_word' id='word_1_82' title='bbox 215 1092 348 1136; x_wconf 88' lang='grc' dir='ltr'>τορες</span> <span class='ocrx_word' id='word_1_83' title='bbox 383 1074 521 1122; x_wconf 85' lang='grc' dir='ltr'>δεινοὶ</span> <span class='ocrx_word' id='word_1_84' title='bbox 556 1076 749 1135; x_wconf 83' lang='grc' dir='ltr'>μᾶλλον</span> <span class='ocrx_word' id='word_1_85' title='bbox 786 1071 900 1123; x_wconf 74' lang='grc' dir='ltr'>εἶναι</span> <span class='ocrx_word' id='word_1_86' title='bbox 927 1076 1080 1123; x_wconf 82' lang='grc' dir='ltr'>δοκεῖν</span> <span class='ocrx_word' id='word_1_87' title='bbox 1111 1071 1140 1134; x_wconf 78' lang='grc' dir='ltr'>ἢ</span> <span class='ocrx_word' id='word_1_88' title='bbox 1172 1074 1267 1136; x_wconf 88' lang='grc' dir='ltr'>μετ’</span> <span class='ocrx_word' id='word_1_89' title='bbox 1297 1073 1517 1136; x_wconf 79' lang='grc' dir='ltr'>ἀληθείας</span> <span class='ocrx_word' id='word_1_90' title='bbox 1545 1074 1752 1126; x_wconf 81' lang='grc' dir='ltr'>ἐπιεικεῖς</span> <span class='ocrx_word' id='word_1_91' title='bbox 1766 1096 1806 1117; x_wconf 89' lang='lat'>20</span> 
     </span>
     <span class='ocr_line' id='line_1_12' title="bbox 217 1153 1747 1221; baseline 0.001 -18"><span class='ocrx_word' id='word_1_92' title='bbox 217 1153 458 1219; x_wconf 78' lang='grc' dir='ltr'>ἅνθρωποι</span> <span class='ocrx_word' id='word_1_93' title='bbox 511 1155 782 1220; x_wconf 73' lang='grc' dir='ltr'>νομίζεσθαι</span> <span class='ocrx_word' id='word_1_94' title='bbox 832 1157 1127 1221; x_wconf 84' lang='grc' dir='ltr'>προείλοντο,</span> <span class='ocrx_word' id='word_1_95' title='bbox 1168 1157 1262 1206; x_wconf 80' lang='grc' dir='ltr'>οὐδ’</span> <span class='ocrx_word' id='word_1_96' title='bbox 1303 1157 1432 1206; x_wconf 73' lang='grc' dir='ltr'>αὐτοὶ</span> <span class='ocrx_word' id='word_1_97' title='bbox 1475 1157 1747 1220; x_wconf 82' lang='grc' dir='ltr'>καλοκάγα-</span> 
     </span>
     <span class='ocr_line' id='line_1_13' title="bbox 217 1234 1750 1305; baseline 0.002 -21"><span class='ocrx_word' id='word_1_98' title='bbox 217 1234 320 1288; x_wconf 86' lang='grc' dir='ltr'>θίας</span> <span class='ocrx_word' id='word_1_99' title='bbox 360 1234 431 1297; x_wconf 80' lang='grc' dir='ltr'>ἂν,</span> <span class='ocrx_word' id='word_1_100' title='bbox 472 1239 534 1290; x_wconf 86' lang='grc' dir='ltr'>ὡς</span> <span class='ocrx_word' id='word_1_101' title='bbox 581 1237 739 1300; x_wconf 75' lang='grc' dir='ltr'>ἔοικεν,</span> <span class='ocrx_word' id='word_1_102' title='bbox 780 1239 1146 1305; x_wconf 78' lang='grc' dir='ltr'>ἀμφισβητοΐεν.</span> <span class='ocrx_word' id='word_1_103' title='bbox 1211 1239 1315 1288; x_wconf 72' lang='grc' dir='ltr'>ε”στι</span> <span class='ocrx_word' id='word_1_104' title='bbox 1359 1237 1443 1301; x_wconf 74' lang='grc' dir='ltr'>μὲν</span> <span class='ocrx_word' id='word_1_105' title='bbox 1482 1238 1563 1287; x_wconf 75' lang='grc' dir='ltr'>οὖν</span> <span class='ocrx_word' id='word_1_106' title='bbox 1601 1244 1750 1303; x_wconf 83' lang='grc' dir='ltr'>χαλε-</span> 
     </span>
     <span class='ocr_line' id='line_1_14' title="bbox 217 1317 1753 1386; baseline 0.001 -18"><span class='ocrx_word' id='word_1_107' title='bbox 217 1317 309 1368; x_wconf 81' lang='grc' dir='ltr'>πὸν</span> <span class='ocrx_word' id='word_1_108' title='bbox 335 1318 389 1368; x_wconf 80' lang='grc' dir='ltr'>τὸ</span> <span class='ocrx_word' id='word_1_109' title='bbox 417 1319 528 1385; x_wconf 88' lang='grc' dir='ltr'>παρ’</span> <span class='ocrx_word' id='word_1_110' title='bbox 558 1321 666 1382; x_wconf 83' lang='grc' dir='ltr'>ὑμῖν</span> <span class='ocrx_word' id='word_1_111' title='bbox 703 1320 818 1385; x_wconf 72' lang='grc' dir='ltr'>ὑπὲρ</span> <span class='ocrx_word' id='word_1_112' title='bbox 852 1322 982 1382; x_wconf 81' lang='grc' dir='ltr'>ὑμῶν</span> <span class='ocrx_word' id='word_1_113' title='bbox 1016 1322 1210 1386; x_wconf 84' lang='grc' dir='ltr'>ἐροῦντα</span> <span class='ocrx_word' id='word_1_114' title='bbox 1244 1321 1562 1384; x_wconf 75' lang='grc' dir='ltr'>ἀνεστηκέναι,</span> <span class='ocrx_word' id='word_1_115' title='bbox 1589 1319 1753 1385; x_wconf 77' lang='grc' dir='ltr'>ὥσπερ</span> 
     </span>
     <span class='ocr_line' id='line_1_15' title="bbox 216 1400 1752 1470; baseline 0.003 -18"><span class='ocrx_word' id='word_1_116' title='bbox 216 1400 379 1470; x_wconf 78' lang='grc' dir='ltr'>ῥᾴδιον</span> <span class='ocrx_word' id='word_1_117' title='bbox 413 1401 467 1452; x_wconf 84' lang='grc' dir='ltr'>τὸ</span> <span class='ocrx_word' id='word_1_118' title='bbox 504 1404 604 1453; x_wconf 89' lang='grc' dir='ltr'>καθ’</span> <span class='ocrx_word' id='word_1_119' title='bbox 634 1405 775 1466; x_wconf 83' lang='grc' dir='ltr'>ὑμῶν.</span> <span class='ocrx_word' id='word_1_120' title='bbox 828 1403 921 1468; x_wconf 82' lang='grc' dir='ltr'>ἐγὼ</span> <span class='ocrx_word' id='word_1_121' title='bbox 957 1405 1050 1469; x_wconf 81' lang='grc' dir='ltr'>γὰρ</span> <span class='ocrx_word' id='word_1_122' title='bbox 1083 1404 1152 1466; x_wconf 78' lang='grc' dir='ltr'>μὰ</span> <span class='ocrx_word' id='word_1_123' title='bbox 1186 1403 1271 1468; x_wconf 85' lang='grc' dir='ltr'>τὴν</span> <span class='ocrx_word' id='word_1_124' title='bbox 1295 1406 1506 1468; x_wconf 80' lang='grc' dir='ltr'>Ἀθηνᾶν</span> <span class='ocrx_word' id='word_1_125' title='bbox 1532 1404 1752 1457; x_wconf 59' lang='grc' dir='ltr'>ιῙοὺδένας</span> 
     </span>
     <span class='ocr_line' id='line_1_16' title="bbox 217 1486 1802 1554; baseline 0.002 -19"><span class='ocrx_word' id='word_1_126' title='bbox 217 1490 312 1536; x_wconf 83' lang='grc' dir='ltr'>τῶν</span> <span class='ocrx_word' id='word_1_127' title='bbox 349 1486 517 1536; x_wconf 75' lang='grc' dir='ltr'>ἄλλων</span> <span class='ocrx_word' id='word_1_128' title='bbox 552 1487 817 1553; x_wconf 81' lang='grc' dir='ltr'>ἀνθρώπων</span> <span class='ocrx_word' id='word_1_129' title='bbox 853 1489 999 1540; x_wconf 80' lang='grc' dir='ltr'>οὕτως</span> <span class='ocrx_word' id='word_1_130' title='bbox 1031 1486 1191 1551; x_wconf 71' lang='grc' dir='ltr'>Χοῖμαι</span> <span class='ocrx_word' id='word_1_131' title='bbox 1226 1487 1286 1538; x_wconf 80' lang='grc' dir='ltr'>τὰ</span> <span class='ocrx_word' id='word_1_132' title='bbox 1315 1486 1561 1554; x_wconf 86' lang='grc' dir='ltr'>προσόντα</span> <span class='ocrx_word' id='word_1_133' title='bbox 1596 1489 1802 1540; x_wconf 73' lang='grc' dir='ltr'>αὑτοΐς25</span> 
     </span>
     <span class='ocr_line' id='line_1_17' title="bbox 216 1569 1753 1636; baseline 0.001 -16"><span class='ocrx_word' id='word_1_134' title='bbox 216 1571 418 1620; x_wconf 83' lang='grc' dir='ltr'>ἀκοῦσαι</span> <span class='ocrx_word' id='word_1_135' title='bbox 455 1570 856 1634; x_wconf 79' lang='grc' dir='ltr'>νουθετουμένους,</span> <span class='ocrx_word' id='word_1_136' title='bbox 893 1573 954 1623; x_wconf 87' lang='grc' dir='ltr'>ὡς</span> <span class='ocrx_word' id='word_1_137' title='bbox 996 1572 1121 1634; x_wconf 81' lang='grc' dir='ltr'>ὑμεῖς</span> <span class='ocrx_word' id='word_1_138' title='bbox 1157 1570 1216 1621; x_wconf 79' lang='grc' dir='ltr'>τὰ</span> <span class='ocrx_word' id='word_1_139' title='bbox 1249 1578 1267 1606; x_wconf 63' lang='lat' dir='ltr'><strong>y</strong></span> <span class='ocrx_word' id='word_1_140' title='bbox 1277 1570 1343 1634; x_wconf 87' lang='grc' dir='ltr'>μὴ</span> <span class='ocrx_word' id='word_1_141' title='bbox 1374 1569 1636 1636; x_wconf 81' lang='grc' dir='ltr'>προσόντα,</span> <span class='ocrx_word' id='word_1_142' title='bbox 1671 1594 1753 1621; x_wconf 95' lang='grc' dir='ltr'>κα-</span> 
     </span>
     <span class='ocr_line' id='line_1_18' title="bbox 214 1653 1754 1721; baseline 0.003 -18"><span class='ocrx_word' id='word_1_143' title='bbox 214 1657 306 1706; x_wconf 83' lang='grc' dir='ltr'>κῶς</span> <span class='ocrx_word' id='word_1_144' title='bbox 333 1653 591 1707; x_wconf 86' lang='grc' dir='ltr'>ἀκούοντες.</span> <span class='ocrx_word' id='word_1_145' title='bbox 643 1654 696 1704; x_wconf 82' lang='grc' dir='ltr'>οὐ</span> <span class='ocrx_word' id='word_1_146' title='bbox 730 1653 825 1717; x_wconf 86' lang='grc' dir='ltr'>μὴν</span> <span class='ocrx_word' id='word_1_147' title='bbox 852 1653 957 1705; x_wconf 80' lang='grc' dir='ltr'>οὐδὲ</span> <span class='ocrx_word' id='word_1_148' title='bbox 995 1653 1194 1707; x_wconf 87' lang='grc' dir='ltr'>τούτους</span> <span class='ocrx_word' id='word_1_149' title='bbox 1232 1654 1445 1721; x_wconf 79' lang='grc' dir='ltr'>θρασέως</span> <span class='ocrx_word' id='word_1_150' title='bbox 1480 1654 1572 1705; x_wconf 69' lang='grc' dir='ltr'>Ζᾶν</span> <span class='ocrx_word' id='word_1_151' title='bbox 1608 1656 1754 1708; x_wconf 77' lang='grc' dir='ltr'>οὕτως</span> 
     </span>
     <span class='ocr_line' id='line_1_19' title="bbox 217 1737 1749 1805; baseline 0.001 -18"><span class='ocrx_word' id='word_1_152' title='bbox 217 1737 420 1802; x_wconf 85' lang='grc' dir='ltr'>ἡγοῦμαι</span> <span class='ocrx_word' id='word_1_153' title='bbox 453 1737 732 1805; x_wconf 77' lang='grc' dir='ltr'>ψεύδεσθαι,</span> <span class='ocrx_word' id='word_1_154' title='bbox 772 1741 811 1787; x_wconf 79' lang='grc' dir='ltr'>εἰ</span> <span class='ocrx_word' id='word_1_155' title='bbox 847 1737 913 1801; x_wconf 85' lang='grc' dir='ltr'>μὴ</span> <span class='ocrx_word' id='word_1_156' title='bbox 953 1737 1226 1805; x_wconf 84' lang='grc' dir='ltr'>συνῄδεσαν</span> <span class='ocrx_word' id='word_1_157' title='bbox 1266 1744 1428 1800; x_wconf 84' lang='grc' dir='ltr'>ταῦτα,</span> <span class='ocrx_word' id='word_1_158' title='bbox 1460 1740 1534 1788; x_wconf 72' lang='grc' dir='ltr'>καὶ</span> <span class='ocrx_word' id='word_1_159' title='bbox 1570 1738 1749 1805; x_wconf 90' lang='grc' dir='ltr'>πρόδη-</span> 
     </span>
     <span class='ocr_line' id='line_1_20' title="bbox 221 1819 1754 1885; baseline 0.001 -15"><span class='ocrx_word' id='word_1_160' title='bbox 221 1826 309 1870; x_wconf 89' lang='grc' dir='ltr'>λον</span> <span class='ocrx_word' id='word_1_161' title='bbox 334 1819 392 1883; x_wconf 82' lang='grc' dir='ltr'>ἧν</span> <span class='ocrx_word' id='word_1_162' title='bbox 419 1819 490 1870; x_wconf 82' lang='grc' dir='ltr'>ὅτι</span> <span class='ocrx_word' id='word_1_163' title='bbox 516 1820 796 1871; x_wconf 69' lang='grc' dir='ltr'>3δεινότατοι</span> <span class='ocrx_word' id='word_1_164' title='bbox 821 1819 1013 1872; x_wconf 76' lang='grc' dir='ltr'>πάντων</span> <span class='ocrx_word' id='word_1_165' title='bbox 1049 1823 1174 1885; x_wconf 83' lang='grc' dir='ltr'>ὑμεῖς</span> <span class='ocrx_word' id='word_1_166' title='bbox 1208 1822 1314 1872; x_wconf 79' lang='grc' dir='ltr'>ἐστὲ</span> <span class='ocrx_word' id='word_1_167' title='bbox 1342 1821 1524 1872; x_wconf 81' lang='grc' dir='ltr'>ἀκούειν</span> <span class='ocrx_word' id='word_1_168' title='bbox 1551 1819 1602 1871; x_wconf 64' lang='lat'>¹³3</span> <span class='ocrx_word' id='word_1_169' title='bbox 1628 1844 1672 1871; x_wconf 90' lang='grc' dir='ltr'>τι</span> <span class='ocrx_word' id='word_1_170' title='bbox 1696 1822 1754 1872; x_wconf 75' lang='grc' dir='ltr'>ἄν</span> 
     </span>
     <span class='ocr_line' id='line_1_21' title="bbox 221 1903 1879 1971; baseline 0.001 -18"><span class='ocrx_word' id='word_1_171' title='bbox 221 1925 290 1956; x_wconf 87' lang='grc' dir='ltr'>τις</span> <span class='ocrx_word' id='word_1_172' title='bbox 329 1904 429 1953; x_wconf 86' lang='grc' dir='ltr'>καθ’</span> <span class='ocrx_word' id='word_1_173' title='bbox 460 1904 589 1966; x_wconf 83' lang='grc' dir='ltr'>ὑμῶν</span> <span class='ocrx_word' id='word_1_174' title='bbox 622 1903 757 1971; x_wconf 79' lang='grc' dir='ltr'>λέγῃ.</span> <span class='ocrx_word' id='word_1_175' title='bbox 811 1907 848 1954; x_wconf 80' lang='grc' dir='ltr'>εἰ</span> <span class='ocrx_word' id='word_1_176' title='bbox 885 1903 970 1966; x_wconf 78' lang='grc' dir='ltr'>μὲν</span> <span class='ocrx_word' id='word_1_177' title='bbox 998 1905 1080 1954; x_wconf 77' lang='grc' dir='ltr'>οὖν</span> <span class='ocrx_word' id='word_1_178' title='bbox 1117 1904 1288 1968; x_wconf 85' lang='grc' dir='ltr'>ταύτης</span> <span class='ocrx_word' id='word_1_179' title='bbox 1321 1908 1403 1968; x_wconf 84' lang='grc' dir='ltr'>τῆς</span> <span class='ocrx_word' id='word_1_180' title='bbox 1436 1906 1642 1968; x_wconf 81' lang='grc' dir='ltr'>εὐηθείας</span> <span class='ocrx_word' id='word_1_181' title='bbox 1678 1906 1747 1956; x_wconf 83' lang='grc' dir='ltr'>δι’·</span> <span class='ocrx_word' id='word_1_182' title='bbox 1769 1927 1817 1963; x_wconf 78' lang='lat'>14</span> <span class='ocrx_word' id='word_1_183' title='bbox 1822 1926 1879 1967; x_wconf 85' lang='lat'>54</span> 
     </span>
    </p>
   </div>
   <div class='ocr_carea' id='block_1_3' title="bbox 222 1987 1755 2097">
    <p class='ocr_par' dir='ltr' id='par_1_3' title="bbox 222 1987 1755 2097">
     <span class='ocr_line' id='line_1_22' title="bbox 222 1987 1755 2054; baseline 0.004 -18"><span class='ocrx_word' id='word_1_184' title='bbox 222 2010 308 2050; x_wconf 92' lang='grc' dir='ltr'>κην</span> <span class='ocrx_word' id='word_1_185' title='bbox 343 1988 460 2049; x_wconf 80' lang='grc' dir='ltr'>ὑμᾶς</span> <span class='ocrx_word' id='word_1_186' title='bbox 494 1991 590 2038; x_wconf 76' lang='grc' dir='ltr'>εδεῖ</span> <span class='ocrx_word' id='word_1_187' title='bbox 631 1987 822 2050; x_wconf 85' lang='grc' dir='ltr'>διδόναι,</span> <span class='ocrx_word' id='word_1_188' title='bbox 851 1987 1025 2053; x_wconf 88' lang='grc' dir='ltr'>λόγους</span> <span class='ocrx_word' id='word_1_189' title='bbox 1060 1989 1113 2038; x_wconf 82' lang='grc' dir='ltr'>οὐ</span> <span class='ocrx_word' id='word_1_190' title='bbox 1147 1987 1478 2054; x_wconf 88' lang='grc' dir='ltr'>προσήκοντας</span> <span class='ocrx_word' id='word_1_191' title='bbox 1516 1987 1636 2038; x_wconf 77' lang='grc' dir='ltr'>κατὰ</span> <span class='ocrx_word' id='word_1_192' title='bbox 1672 1991 1755 2052; x_wconf 84' lang='grc' dir='ltr'>τῆς</span> 
     </span>
     <span class='ocr_line' id='line_1_23' title="bbox 453 2070 468 2097; baseline 0 0"><span class='ocrx_word' id='word_1_193' title='bbox 453 2070 468 2097; x_wconf 87' lang='lat' dir='ltr'>d</span> 
     </span>
    </p>
   </div>
   <div class='ocr_carea' id='block_1_4' title="bbox 224 2069 1754 2137">
    <p class='ocr_par' dir='ltr' id='par_1_4' title="bbox 224 2069 1754 2137">
     <span class='ocr_line' id='line_1_24' title="bbox 224 2069 1754 2137; baseline 0.001 -16"><span class='ocrx_word' id='word_1_194' title='bbox 224 2069 413 2123; x_wconf 86' lang='grc' dir='ltr'>πόλεως</span> <span class='ocrx_word' id='word_1_195' title='bbox 481 2070 677 2133; x_wconf 84' lang='grc' dir='ltr'>ἀκούειν,</span> <span class='ocrx_word' id='word_1_196' title='bbox 714 2076 840 2121; x_wconf 84' lang='grc' dir='ltr'>τοῦτ’</span> <span class='ocrx_word' id='word_1_197' title='bbox 875 2069 957 2121; x_wconf 58' lang='grc' dir='ltr'>Εᾶν</span> <span class='ocrx_word' id='word_1_198' title='bbox 995 2071 1077 2135; x_wconf 85' lang='grc' dir='ltr'>εἰἠ.</span> <span class='ocrx_word' id='word_1_199' title='bbox 1135 2076 1172 2121; x_wconf 82' lang='grc' dir='ltr'>εὶ</span> <span class='ocrx_word' id='word_1_200' title='bbox 1211 2072 1250 2122; x_wconf 89' lang='grc' dir='ltr'>δ’</span> <span class='ocrx_word' id='word_1_201' title='bbox 1280 2071 1393 2137; x_wconf 77' lang='grc' dir='ltr'>ὑπὲρ</span> <span class='ocrx_word' id='word_1_202' title='bbox 1427 2076 1522 2121; x_wconf 78' lang='grc' dir='ltr'>τῶν</span> <span class='ocrx_word' id='word_1_203' title='bbox 1560 2073 1754 2135; x_wconf 80' lang='grc' dir='ltr'>ἀληθῶν</span> 
     </span>
    </p>
   </div>
   <div class='ocr_carea' id='block_1_5' title="bbox 224 2154 1747 2221">
    <p class='ocr_par' dir='ltr' id='par_1_5' title="bbox 224 2154 1747 2221">
     <span class='ocr_line' id='line_1_25' title="bbox 224 2154 1747 2221; baseline 0.001 -17"><span class='ocrx_word' id='word_1_204' title='bbox 224 2154 286 2204; x_wconf 71' lang='lat' dir='ltr'>se&#39;t&#39;</span> <span class='ocrx_word' id='word_1_205' title='bbox 332 2176 376 2204; x_wconf 94' lang='grc' dir='ltr'>τι</span> <span class='ocrx_word' id='word_1_206' title='bbox 429 2155 607 2205; x_wconf 86' lang='grc' dir='ltr'>δίκαιον</span> <span class='ocrx_word' id='word_1_207' title='bbox 657 2154 837 2221; x_wconf 78' lang='grc' dir='ltr'>ῥητέον,</span> <span class='ocrx_word' id='word_1_208' title='bbox 883 2157 958 2205; x_wconf 78' lang='grc' dir='ltr'>ἐπὶ</span> <span class='ocrx_word' id='word_1_209' title='bbox 1009 2156 1130 2205; x_wconf 82' lang='grc' dir='ltr'>τοῦτ’</span> <span class='ocrx_word' id='word_1_210' title='bbox 1159 2154 1252 2220; x_wconf 83' lang='grc' dir='ltr'>ἐγὼ</span> <span class='ocrx_word' id='word_1_211' title='bbox 1302 2154 1627 2220; x_wconf 88' lang='grc' dir='ltr'>παρελήλυθα,</span> <span class='ocrx_word' id='word_1_212' title='bbox 1668 2177 1747 2206; x_wconf 90' lang='grc' dir='ltr'>πι-</span> 
     </span>
    </p>
   </div>
   <div class='ocr_carea' id='block_1_6' title="bbox 223 2237 1780 2348">
    <p class='ocr_par' dir='ltr' id='par_1_6' title="bbox 223 2237 1780 2348">
     <span class='ocr_line' id='line_1_26' title="bbox 223 2237 1780 2306; baseline -0.001 -19"><span class='ocrx_word' id='word_1_213' title='bbox 223 2237 406 2288; x_wconf 86' lang='grc' dir='ltr'>στεύων</span> <span class='ocrx_word' id='word_1_214' title='bbox 449 2239 532 2288; x_wconf 82' lang='grc' dir='ltr'>οὐκ</span> <span class='ocrx_word' id='word_1_215' title='bbox 571 2238 711 2292; x_wconf 79' lang='grc' dir='ltr'>αὐτὸς</span> <span class='ocrx_word' id='word_1_216' title='bbox 747 2239 890 2306; x_wconf 75' lang='grc' dir='ltr'>ἀξίως</span> <span class='ocrx_word' id='word_1_217' title='bbox 928 2243 1022 2289; x_wconf 82' lang='grc' dir='ltr'>τῶν</span> <span class='ocrx_word' id='word_1_218' title='bbox 1062 2240 1168 2302; x_wconf 77' lang='grc' dir='ltr'>ὑμῖν</span> <span class='ocrx_word' id='word_1_219' title='bbox 1207 2239 1552 2304; x_wconf 77' lang='grc' dir='ltr'>πεπραγμένων</span> <span class='ocrx_word' id='word_1_220' title='bbox 1584 2243 1780 2290; x_wconf 56' lang='grc' dir='ltr'>ἕεὶπεῖνὸ</span> 
     </span>
     <span class='ocr_line' id='line_1_27' title="bbox 1595 2321 1676 2348; baseline 0 0"><span class='ocrx_word' id='word_1_221' title='bbox 1595 2321 1612 2348; x_wconf 80' lang='lat' dir='ltr'>h</span> <span class='ocrx_word' id='word_1_222' title='bbox 1656 2323 1676 2340; x_wconf 70' lang='grc' dir='ltr'><em>Ἰ</em></span> 
     </span>
    </p>
   </div>
   <div class='ocr_carea' id='block_1_7' title="bbox 226 2321 1754 2473">
    <p class='ocr_par' dir='ltr' id='par_1_7' title="bbox 226 2321 1754 2473">
     <span class='ocr_line' id='line_1_28' title="bbox 226 2321 1752 2390; baseline 0.002 -19"><span class='ocrx_word' id='word_1_223' title='bbox 226 2321 532 2385; x_wconf 87' lang='grc' dir='ltr'>δυνήσεσθαι,</span> <span class='ocrx_word' id='word_1_224' title='bbox 583 2323 717 2373; x_wconf 78' lang='grc' dir='ltr'>ἀλλὰ</span> <span class='ocrx_word' id='word_1_225' title='bbox 762 2323 820 2373; x_wconf 78' lang='grc' dir='ltr'>τὰ</span> <span class='ocrx_word' id='word_1_226' title='bbox 870 2322 1143 2389; x_wconf 81' lang='grc' dir='ltr'>πράγματα,</span> <span class='ocrx_word' id='word_1_227' title='bbox 1195 2322 1320 2375; x_wconf 76' lang='grc' dir='ltr'>ὅπως</span> <span class='ocrx_word' id='word_1_228' title='bbox 1372 2322 1430 2372; x_wconf 79' lang='grc' dir='ltr'>ἄν</span> <span class='ocrx_word' id='word_1_229' title='bbox 1474 2345 1542 2375; x_wconf 86' lang='grc' dir='ltr'>τις</span> <span class='ocrx_word' id='word_1_230' title='bbox 1634 2346 1752 2390; x_wconf 86' lang='grc' dir='ltr'>ειπῃ,</span> 
     </span>
     <span class='ocr_line' id='line_1_29' title="bbox 228 2404 1754 2473; baseline 0 -18"><span class='ocrx_word' id='word_1_231' title='bbox 228 2405 410 2455; x_wconf 80' lang='grc' dir='ltr'>ἰδίκαια</span> <span class='ocrx_word' id='word_1_232' title='bbox 462 2410 732 2473; x_wconf 83' lang='grc' dir='ltr'>φανεῖσθαι.</span> <span class='ocrx_word' id='word_1_233' title='bbox 801 2407 1066 2470; x_wconf 82' lang='grc' dir='ltr'>βουλοίμην</span> <span class='ocrx_word' id='word_1_234' title='bbox 1120 2406 1157 2455; x_wconf 72' lang='grc' dir='ltr'>δ’</span> <span class='ocrx_word' id='word_1_235' title='bbox 1210 2405 1268 2456; x_wconf 77' lang='grc' dir='ltr'>ἂν</span> <span class='ocrx_word' id='word_1_236' title='bbox 1321 2407 1451 2469; x_wconf 82' lang='grc' dir='ltr'>ὑμᾶς,</span> <span class='ocrx_word' id='word_1_237' title='bbox 1504 2404 1540 2456; x_wconf 77' lang='grc' dir='ltr'><em>ὦ</em></span> <span class='ocrx_word' id='word_1_238' title='bbox 1590 2404 1754 2472; x_wconf 76' lang='grc' dir='ltr'>ἄνδρες</span> 
     </span>
    </p>
   </div>
   <div class='ocr_carea' id='block_1_8' title="bbox 227 2556 1754 2867">
    <p class='ocr_par' dir='ltr' id='par_1_8' title="bbox 227 2556 1754 2867">
     <span class='ocr_line' id='line_1_30' title="bbox 281 2556 1750 2603; baseline 0.001 -14"><span class='ocrx_word' id='word_1_239' title='bbox 281 2561 299 2588; x_wconf 72' lang='lat' dir='ltr'>(i</span> <span class='ocrx_word' id='word_1_240' title='bbox 319 2571 358 2600; x_wconf 80' lang='grc' dir='ltr'>γε</span> <span class='ocrx_word' id='word_1_241' title='bbox 379 2556 433 2590; x_wconf 84' lang='lat' dir='ltr'>ed.</span> <span class='ocrx_word' id='word_1_242' title='bbox 457 2556 565 2589; x_wconf 81' lang='lat' dir='ltr'>Paris.</span> <span class='ocrx_word' id='word_1_243' title='bbox 588 2569 618 2590; x_wconf 87' lang='lat' dir='ltr'>a.</span> <span class='ocrx_word' id='word_1_244' title='bbox 646 2564 757 2603; x_wconf 73' lang='grc'><strong>1570.</strong></span> <span class='ocrx_word' id='word_1_245' title='bbox 787 2570 824 2591; x_wconf 85' lang='grc' dir='ltr'>τε</span> <span class='ocrx_word' id='word_1_246' title='bbox 844 2557 964 2603; x_wconf 78' lang='lat' dir='ltr'>vulgo,</span> <span class='ocrx_word' id='word_1_247' title='bbox 987 2558 1081 2603; x_wconf 85' lang='lat' dir='ltr'><strong>quod</strong></span> <span class='ocrx_word' id='word_1_248' title='bbox 1102 2569 1172 2591; x_wconf 85' lang='lat' dir='ltr'>om.</span> <span class='ocrx_word' id='word_1_249' title='bbox 1197 2557 1288 2591; x_wconf 82' lang='lat' dir='ltr'>Y.O.</span> <span class='ocrx_word' id='word_1_250' title='bbox 1402 2562 1417 2581; x_wconf 67' lang='grc' dir='ltr'><strong>Υ</strong></span> <span class='ocrx_word' id='word_1_251' title='bbox 1444 2556 1571 2602; x_wconf 74' lang='grc' dir='ltr'>εἴχετε]</span> <span class='ocrx_word' id='word_1_252' title='bbox 1597 2559 1693 2601; x_wconf 77' lang='grc' dir='ltr'>ἔχετε</span> <span class='ocrx_word' id='word_1_253' title='bbox 1715 2557 1750 2591; x_wconf 85' lang='lat' dir='ltr'>S.</span> 
     </span>
     <span class='ocr_line' id='line_1_31' title="bbox 230 2608 1754 2655; baseline 0.001 -14"><span class='ocrx_word' id='word_1_254' title='bbox 230 2608 309 2646; x_wconf 82' lang='lat' dir='ltr'><strong>Q.v.</strong></span> <span class='ocrx_word' id='word_1_255' title='bbox 423 2614 437 2633; x_wconf 75' lang='lat' dir='ltr'>S</span> <span class='ocrx_word' id='word_1_256' title='bbox 458 2609 709 2655; x_wconf 79' lang='grc' dir='ltr'>ἐξελεγχθῶσι]</span> <span class='ocrx_word' id='word_1_257' title='bbox 736 2610 946 2655; x_wconf 77' lang='grc' dir='ltr'>ἐξελέγχωσι</span> <span class='ocrx_word' id='word_1_258' title='bbox 966 2623 999 2645; x_wconf 92' lang='lat' dir='ltr'>v.</span> <span class='ocrx_word' id='word_1_259' title='bbox 1030 2611 1242 2655; x_wconf 79' lang='grc' dir='ltr'>ἐξελεχθωσι</span> <span class='ocrx_word' id='word_1_260' title='bbox 1264 2611 1298 2644; x_wconf 84' lang='lat' dir='ltr'>S.</span> <span class='ocrx_word' id='word_1_261' title='bbox 1320 2611 1380 2655; x_wconf 86' lang='lat' dir='ltr'>qui</span> <span class='ocrx_word' id='word_1_262' title='bbox 1399 2625 1422 2655; x_wconf 81' lang='grc' dir='ltr'>γ</span> <span class='ocrx_word' id='word_1_263' title='bbox 1441 2622 1512 2644; x_wconf 88' lang='lat' dir='ltr'>non</span> <span class='ocrx_word' id='word_1_264' title='bbox 1532 2622 1610 2644; x_wconf 77' lang='lat' dir='ltr'>raro</span> <span class='ocrx_word' id='word_1_265' title='bbox 1631 2610 1665 2644; x_wconf 83' lang='lat' dir='ltr'>in</span> <span class='ocrx_word' id='word_1_266' title='bbox 1687 2610 1754 2643; x_wconf 83' lang='lat' dir='ltr'>hoc</span> 
     </span>
     <span class='ocr_line' id='line_1_32' title="bbox 229 2661 1751 2709; baseline 0.001 -15"><span class='ocrx_word' id='word_1_267' title='bbox 229 2661 335 2695; x_wconf 84' lang='lat' dir='ltr'>verbo</span> <span class='ocrx_word' id='word_1_268' title='bbox 356 2662 499 2696; x_wconf 85' lang='lat' dir='ltr'>omittit.</span> <span class='ocrx_word' id='word_1_269' title='bbox 585 2662 600 2686; x_wconf 68' lang='lat' dir='ltr'>t</span> <span class='ocrx_word' id='word_1_270' title='bbox 619 2663 664 2708; x_wconf 86' lang='grc' dir='ltr'>εἰ]</span> <span class='ocrx_word' id='word_1_271' title='bbox 691 2664 721 2696; x_wconf 81' lang='grc' dir='ltr'>οἱ</span> <span class='ocrx_word' id='word_1_272' title='bbox 744 2663 783 2696; x_wconf 89' lang='grc' dir='ltr'>Β.</span> <span class='ocrx_word' id='word_1_273' title='bbox 801 2663 837 2696; x_wconf 87' lang='lat' dir='ltr'>in</span> <span class='ocrx_word' id='word_1_274' title='bbox 857 2669 955 2708; x_wconf 82' lang='lat' dir='ltr'>parte</span> <span class='ocrx_word' id='word_1_275' title='bbox 975 2675 995 2697; x_wconf 83' lang='lat' dir='ltr'>a</span> <span class='ocrx_word' id='word_1_276' title='bbox 1014 2675 1062 2698; x_wconf 89' lang='lat' dir='ltr'>m.</span> <span class='ocrx_word' id='word_1_277' title='bbox 1084 2676 1154 2698; x_wconf 83' lang='lat' dir='ltr'><strong>ree.</strong></span> <span class='ocrx_word' id='word_1_278' title='bbox 1177 2663 1340 2709; x_wconf 82' lang='lat' dir='ltr'>suppleta</span> <span class='ocrx_word' id='word_1_279' title='bbox 1359 2669 1393 2697; x_wconf 81' lang='lat' dir='ltr'>et</span> <span class='ocrx_word' id='word_1_280' title='bbox 1414 2664 1467 2697; x_wconf 85' lang='lat' dir='ltr'>ed.</span> <span class='ocrx_word' id='word_1_281' title='bbox 1489 2664 1568 2696; x_wconf 79' lang='lat' dir='ltr'><strong>Ald.</strong></span> <span class='ocrx_word' id='word_1_282' title='bbox 1654 2667 1673 2686; x_wconf 78' lang='lat'>¹1</span> <span class='ocrx_word' id='word_1_283' title='bbox 1694 2663 1751 2695; x_wconf 84' lang='grc' dir='ltr'>οὐ-</span> 
     </span>
     <span class='ocr_line' id='line_1_33' title="bbox 227 2713 1751 2762; baseline -0.001 -14"><span class='ocrx_word' id='word_1_284' title='bbox 227 2714 339 2759; x_wconf 79' lang='grc' dir='ltr'>δένας]</span> <span class='ocrx_word' id='word_1_285' title='bbox 365 2715 501 2750; x_wconf 80' lang='grc' dir='ltr'>οὐδένας</span> <span class='ocrx_word' id='word_1_286' title='bbox 520 2713 560 2748; x_wconf 77' lang='grc' dir='ltr'>ἄν</span> <span class='ocrx_word' id='word_1_287' title='bbox 578 2727 700 2761; x_wconf 85' lang='lat' dir='ltr'>margo</span> <span class='ocrx_word' id='word_1_288' title='bbox 721 2716 813 2754; x_wconf 80' lang='lat' dir='ltr'>Y.Q.</span> <span class='ocrx_word' id='word_1_289' title='bbox 940 2721 953 2736; x_wconf 74' lang='lat' dir='ltr'><strong>x</strong></span> <span class='ocrx_word' id='word_1_290' title='bbox 977 2713 1085 2762; x_wconf 75' lang='grc' dir='ltr'>οἶμαι]</span> <span class='ocrx_word' id='word_1_291' title='bbox 1110 2716 1214 2760; x_wconf 82' lang='grc' dir='ltr'>ἡδέως</span> <span class='ocrx_word' id='word_1_292' title='bbox 1235 2715 1347 2759; x_wconf 76' lang='grc' dir='ltr'>οἴομαι</span> <span class='ocrx_word' id='word_1_293' title='bbox 1367 2728 1488 2761; x_wconf 83' lang='lat' dir='ltr'>margo</span> <span class='ocrx_word' id='word_1_294' title='bbox 1510 2716 1555 2754; x_wconf 85' lang='lat' dir='ltr'>Q.</span> <span class='ocrx_word' id='word_1_295' title='bbox 1669 2721 1687 2747; x_wconf 70' lang='grc' dir='ltr'>Υ</span> <span class='ocrx_word' id='word_1_296' title='bbox 1707 2715 1751 2758; x_wconf 85' lang='grc' dir='ltr'>μὴ</span> 
     </span>
     <span class='ocr_line' id='line_1_34' title="bbox 227 2767 1748 2814; baseline 0 -15"><span class='ocrx_word' id='word_1_297' title='bbox 227 2767 421 2812; x_wconf 87' lang='grc' dir='ltr'>προσόντιι]</span> <span class='ocrx_word' id='word_1_298' title='bbox 443 2768 488 2811; x_wconf 89' lang='grc' dir='ltr'>μὴ</span> <span class='ocrx_word' id='word_1_299' title='bbox 508 2767 726 2813; x_wconf 80' lang='grc' dir='ltr'>προσήκοντα</span> <span class='ocrx_word' id='word_1_300' title='bbox 744 2781 776 2802; x_wconf 83' lang='grc' dir='ltr'>ν.</span> <span class='ocrx_word' id='word_1_301' title='bbox 796 2774 831 2802; x_wconf 82' lang='lat' dir='ltr'>et</span> <span class='ocrx_word' id='word_1_302' title='bbox 850 2783 906 2814; x_wconf 85' lang='grc' dir='ltr'>γρ.</span> <span class='ocrx_word' id='word_1_303' title='bbox 930 2769 1067 2808; x_wconf 83' lang='lat' dir='ltr'>F.Y.Q.</span> <span class='ocrx_word' id='word_1_304' title='bbox 1179 2775 1193 2791; x_wconf 68' lang='grc' dir='ltr'>Ζ</span> <span class='ocrx_word' id='word_1_305' title='bbox 1214 2768 1254 2803; x_wconf 85' lang='grc' dir='ltr'>ἂν</span> <span class='ocrx_word' id='word_1_306' title='bbox 1275 2782 1343 2803; x_wconf 88' lang='lat' dir='ltr'>om.</span> <span class='ocrx_word' id='word_1_307' title='bbox 1368 2769 1403 2803; x_wconf 84' lang='lat' dir='ltr'>S.</span> <span class='ocrx_word' id='word_1_308' title='bbox 1505 2774 1523 2792; x_wconf 71' lang='lat' dir='ltr'>a</span> <span class='ocrx_word' id='word_1_309' title='bbox 1544 2767 1748 2811; x_wconf 79' lang='grc' dir='ltr'>δεινότατοι]</span> 
     </span>
     <span class='ocr_line' id='line_1_35' title="bbox 228 2817 1750 2867; baseline 0.001 -15"><span class='ocrx_word' id='word_1_310' title='bbox 228 2820 422 2853; x_wconf 83' lang='grc' dir='ltr'>δεινότατον</span> <span class='ocrx_word' id='word_1_311' title='bbox 441 2832 473 2854; x_wconf 83' lang='lat' dir='ltr'>v.</span> <span class='ocrx_word' id='word_1_312' title='bbox 585 2817 605 2845; x_wconf 77' lang='lat' dir='ltr'>b</span> <span class='ocrx_word' id='word_1_313' title='bbox 625 2820 644 2854; x_wconf 87' lang='grc' dir='ltr'>ὅ</span> <span class='ocrx_word' id='word_1_314' title='bbox 663 2836 695 2855; x_wconf 87' lang='grc' dir='ltr'>τι</span> <span class='ocrx_word' id='word_1_315' title='bbox 716 2820 773 2867; x_wconf 80' lang='grc' dir='ltr'>ἂν]</span> <span class='ocrx_word' id='word_1_316' title='bbox 800 2821 818 2855; x_wconf 81' lang='grc' dir='ltr'>ὅ</span> <span class='ocrx_word' id='word_1_317' title='bbox 838 2833 869 2855; x_wconf 92' lang='lat' dir='ltr'>v.</span> <span class='ocrx_word' id='word_1_318' title='bbox 996 2827 1012 2847; x_wconf 73' lang='lat' dir='ltr'><em>C</em></span> <span class='ocrx_word' id='word_1_319' title='bbox 1033 2823 1083 2856; x_wconf 78' lang='grc' dir='ltr'>δεῖ</span> <span class='ocrx_word' id='word_1_320' title='bbox 1102 2834 1171 2856; x_wconf 85' lang='lat' dir='ltr'>om.</span> <span class='ocrx_word' id='word_1_321' title='bbox 1193 2823 1286 2856; x_wconf 79' lang='lat' dir='ltr'>Y.O.</span> <span class='ocrx_word' id='word_1_322' title='bbox 1412 2818 1431 2846; x_wconf 78' lang='lat' dir='ltr'>d</span> <span class='ocrx_word' id='word_1_323' title='bbox 1450 2820 1582 2855; x_wconf 63' lang='grc' dir='ltr'>ἀκούειν</span> <span class='ocrx_word' id='word_1_324' title='bbox 1602 2826 1681 2866; x_wconf 66' lang='lat' dir='ltr'>post</span> <span class='ocrx_word' id='word_1_325' title='bbox 1702 2819 1750 2863; x_wconf 77' lang='grc' dir='ltr'>εἵη</span> 
     </span>
    </p>
   </div>
   <div class='ocr_carea' id='block_1_9' title="bbox 229 2884 1751 3043">
    <p class='ocr_par' dir='ltr' id='par_1_9' title="bbox 229 2884 1751 3043">
     <span class='ocr_line' id='line_1_36' title="bbox 229 2884 1751 2946; baseline 0.001 -15"><span class='ocrx_word' id='word_1_326' title='bbox 229 2898 330 2943; x_wconf 82' lang='lat' dir='ltr'>ponit</span> <span class='ocrx_word' id='word_1_327' title='bbox 349 2913 404 2943; x_wconf 83' lang='grc' dir='ltr'>γρ.</span> <span class='ocrx_word' id='word_1_328' title='bbox 428 2898 523 2937; x_wconf 87' lang='lat' dir='ltr'>Y.Q.</span> <span class='ocrx_word' id='word_1_329' title='bbox 635 2904 650 2924; x_wconf 75' lang='lat' dir='ltr'><strong>e</strong></span> <span class='ocrx_word' id='word_1_330' title='bbox 679 2897 736 2944; x_wconf 84' lang='grc' dir='ltr'>ἂν]</span> <span class='ocrx_word' id='word_1_331' title='bbox 761 2898 781 2932; x_wconf 78' lang='grc' dir='ltr'><em>ἃ</em></span> <span class='ocrx_word' id='word_1_332' title='bbox 803 2899 887 2938; x_wconf 73' lang='lat' dir='ltr'>SQ.</span> <span class='ocrx_word' id='word_1_333' title='bbox 999 2897 1013 2925; x_wconf 89' lang='lat' dir='ltr'>f</span> <span class='ocrx_word' id='word_1_334' title='bbox 1040 2899 1071 2934; x_wconf 73' lang='grc' dir='ltr'>εἴ</span> <span class='ocrx_word' id='word_1_335' title='bbox 1088 2900 1138 2946; x_wconf 88' lang='grc' dir='ltr'>τι]</span> <span class='ocrx_word' id='word_1_336' title='bbox 1162 2899 1183 2933; x_wconf 84' lang='grc' dir='ltr'>ἅ</span> <span class='ocrx_word' id='word_1_337' title='bbox 1203 2901 1280 2935; x_wconf 84' lang='grc' dir='ltr'>ἐστι</span> <span class='ocrx_word' id='word_1_338' title='bbox 1294 2915 1350 2945; x_wconf 83' lang='grc' dir='ltr'>γρ.</span> <span class='ocrx_word' id='word_1_339' title='bbox 1373 2900 1465 2938; x_wconf 83' lang='lat' dir='ltr'>Y.Q.</span> <span class='ocrx_word' id='word_1_340' title='bbox 1506 2884 1531 2942; x_wconf 49' lang='lat'>57⁴</span> <span class='ocrx_word' id='word_1_341' title='bbox 1555 2914 1585 2932; x_wconf 88' lang='grc' dir='ltr'>τι</span> <span class='ocrx_word' id='word_1_342' title='bbox 1609 2900 1643 2933; x_wconf 83' lang='lat' dir='ltr'>S.</span> <span class='ocrx_word' id='word_1_343' title='bbox 1683 2899 1712 2931; x_wconf 82' lang='grc' dir='ltr'>εἶ</span> <span class='ocrx_word' id='word_1_344' title='bbox 1732 2911 1751 2932; x_wconf 86' lang='lat' dir='ltr'>a</span> 
     </span>
     <span class='ocr_line' id='line_1_37' title="bbox 229 2951 1746 2998; baseline 0 -14"><span class='ocrx_word' id='word_1_345' title='bbox 229 2963 277 2985; x_wconf 87' lang='lat' dir='ltr'>m.</span> <span class='ocrx_word' id='word_1_346' title='bbox 298 2951 464 2987; x_wconf 84' lang='lat' dir='ltr'>secunda.</span> <span class='ocrx_word' id='word_1_347' title='bbox 588 2957 607 2985; x_wconf 69' lang='grc' dir='ltr'><strong>Β</strong></span> <span class='ocrx_word' id='word_1_348' title='bbox 628 2952 750 2998; x_wconf 75' lang='grc' dir='ltr'>εἰπεῖν]</span> <span class='ocrx_word' id='word_1_349' title='bbox 775 2953 852 2996; x_wconf 79' lang='grc' dir='ltr'>ὑμῖν</span> <span class='ocrx_word' id='word_1_350' title='bbox 873 2952 977 2987; x_wconf 74' lang='grc' dir='ltr'>εἰπεῖν</span> <span class='ocrx_word' id='word_1_351' title='bbox 998 2953 1038 2987; x_wconf 89' lang='lat' dir='ltr'>Y.</span> <span class='ocrx_word' id='word_1_352' title='bbox 1162 2951 1181 2978; x_wconf 77' lang='lat' dir='ltr'>h</span> <span class='ocrx_word' id='word_1_353' title='bbox 1203 2952 1297 2998; x_wconf 77' lang='grc' dir='ltr'>εἴπῃ]</span> <span class='ocrx_word' id='word_1_354' title='bbox 1323 2952 1410 2986; x_wconf 75' lang='grc' dir='ltr'>εἴποι</span> <span class='ocrx_word' id='word_1_355' title='bbox 1431 2965 1460 2985; x_wconf 82' lang='lat' dir='ltr'>v.</span> <span class='ocrx_word' id='word_1_356' title='bbox 1592 2951 1596 2977; x_wconf 67' lang='grc' dir='ltr'>ἰ</span> <span class='ocrx_word' id='word_1_357' title='bbox 1621 2951 1746 2997; x_wconf 75' lang='grc' dir='ltr'>δίκαια]</span> 
     </span>
     <span class='ocr_line' id='line_1_38' title="bbox 230 3004 477 3043; baseline 0.004 -6"><span class='ocrx_word' id='word_1_358' title='bbox 230 3004 283 3037; x_wconf 78' lang='grc' dir='ltr'>καὶ</span> <span class='ocrx_word' id='word_1_359' title='bbox 302 3004 411 3038; x_wconf 84' lang='grc' dir='ltr'>δίκαια</span> <span class='ocrx_word' id='word_1_360' title='bbox 433 3004 477 3043; x_wconf 85' lang='lat' dir='ltr'>Q.</span> 
     </span>
    </p>
   </div>
   <div class='ocr_carea' id='block_1_10' title="bbox 291 3080 1049 3105">
    <p class='ocr_par' dir='ltr' id='par_1_10' title="bbox 291 3080 1049 3105">
     <span class='ocr_line' id='line_1_39' title="bbox 291 3080 1049 3105; baseline 0.001 -1"><span class='ocrx_word' id='word_1_361' title='bbox 291 3080 385 3105; x_wconf 69' lang='lat' dir='ltr'>vol„</span> <span class='ocrx_word' id='word_1_362' title='bbox 411 3080 468 3105; x_wconf 74' lang='lat' dir='ltr'>lv.</span> <span class='ocrx_word' id='word_1_363' title='bbox 992 3085 1008 3105; x_wconf 69' lang='lat' dir='ltr'>S</span> <span class='ocrx_word' id='word_1_364' title='bbox 1033 3084 1049 3105; x_wconf 80' lang='lat' dir='ltr'>S</span> 
     </span>
    </p>
   </div>
  </div>
 </body>
</html>
