2009 3286
79 207 264 258 -1260,
285 223 333 248 ιι.
737 210 881 248 ΠΡΟΣ
914 209 1199 248 ΚοΝΩΝοΣ.
1619 206 1731 246 1283

205 318 330 371 ὥστε
368 319 422 371 τὸ
459 320 544 384 μὲν
588 324 744 388 χεῖλος
785 319 1025 389 διακόψαι,
1058 319 1165 374 τοὺς
1205 323 1246 371 δ’
1289 318 1571 388 ὀφθαλμοὺς
1604 341 1727 384 συγ-

207 409 408 456 κλεῖσαι·
448 406 569 455 οῧτω
609 403 658 455 δὲ
697 408 848 457 κακῶς
893 403 1063 471 ἔχοντα
1104 403 1400 466 Ι’κατε’λιπον,
1444 400 1571 453 ὥστε
1617 400 1732 466 μήτε
1750 424 1784 455 ¹5

209 491 470 552 ἀναστῆναι
506 489 622 553 μήτε
660 488 968 557 φθέγξασθαι
1011 488 1257 539 δύνασθαι.
1311 488 1516 551 κείμενος
1559 488 1597 536 δ’
1645 487 1728 536 αὐ-

144 595 196 634 14
209 577 302 624 τῶν
328 572 498 636 ἤκουον
530 571 696 624 πολλὰ
734 574 810 623 καὶ
847 571 971 623 δεινὰ
999 570 1251 637 λεγόντων.
1306 572 1381 622 καὶ
1408 569 1467 621 τὰ
1493 570 1577 633 μὲν
1603 570 1735 620 ἄλλα

208 659 311 708 (1καῖ
352 657 676 726 βλασφημίαν
725 656 818 723 ἔχει
862 654 1006 717 Γτινοὶ,
1050 657 1127 705 καὶ
1171 653 1435 721 Ξόνομάζειν
1485 652 1732 718 ὀκνήσαιμ’

209 741 267 793 ἂν
291 743 340 792 ἐν
366 743 472 805 ὑμῖν
499 741 607 803 ἔνια,
636 739 660 791 ὃ
687 739 736 791 δὲ
765 742 848 804 τῆς
881 740 1059 806 ὕβρεώς
1093 741 1197 790 ἐστι
1231 742 1314 803 τῆς
1346 739 1514 790 τούτου
1539 743 1735 802 σημεῖον

209 828 284 877 καὶ
309 824 557 892 τεκμήριον
582 831 665 876 τοῦ
690 829 786 876 πᾶν
812 823 865 875 τὸ
891 829 1092 891 πρᾶγμα
1119 823 1209 876 ὑπὸ
1235 823 1403 875 τούτου
1433 826 1733 889 γεγενῆσθαι,
1749 842 1789 864 20

208 915 337 962 τοῦθ’
364 912 471 975 ὑμῖν
496 912 598 977 ἐρῶ·
638 908 720 978 ᾖδε
745 909 838 976 γὰρ
854 908 962 963 τοὺς
981 908 1297 976 ἀλεκτρυόνας
1321 907 1603 971 μιμούμενος
1628 906 1736 960 τοὺς

211 993 516 1060 νενικηκότας,
544 998 586 1046 οὶ
612 993 661 1045 δὲ
687 999 867 1061 κροτεῖν
898 998 995 1047 τοῖς
1021 995 1235 1060 ἀγκῶσιν
1260 990 1422 1044 ταύτὸν
1448 992 1610 1060 ἠξίουν
1635 993 1738 1042 ἀντὶ

147 1096 196 1140 15
210 1078 457 1145 πτερύγων
495 1077 579 1132 τὰς
618 1077 841 1145 πλευράς.
897 1080 973 1128 καὶ
1016 1076 1135 1141 μετὰ
1177 1083 1326 1128 ταῦτα
1365 1075 1458 1142 ἐγὼ
1499 1075 1584 1139 μὲν
1625 1077 1737 1125 ἀπε-

211 1164 447 1227 κομίσθην
472 1162 562 1214 ὑπὸ
588 1167 683 1213 τῶν
707 1162 1078 1229 παρατυχόντων
1110 1160 1300 1226 γυμνὸς,
1328 1160 1454 1211 οὗτοι
1486 1161 1524 1210 δ’
1553 1157 1736 1228 ᾤχοντο

210 1244 452 1310 θοίμάτιον
492 1245 725 1307 λαβόντες
769 1268 872 1310 μου.
938 1248 999 1298 ὡς
1044 1246 1082 1294 δ’
1126 1246 1202 1295 ἐπὶ
1249 1243 1334 1308 τὴν
1379 1242 1526 1309 θύραν
1571 1241 1786 1306 ἧλθον,25

210 1328 390 1396 κραυγὴ
418 1331 493 1380 καὶ
519 1329 611 1394 βοὴ
635 1333 719 1394 τῆς
750 1328 926 1396 μητρὸς
959 1330 1034 1380 καὶ
1071 1333 1166 1378 τῶν
1199 1327 1538 1394 θεραπαινίδων
1563 1325 1634 1390 ἦν,
1661 1327 1737 1375 καὶ

211 1412 378 1478 “μόλις
421 1413 534 1465 ποτὲ
575 1417 638 1467 εἰς
678 1418 932 1475 βαλανεῖον
977 1410 1241 1477 ἐνεγκόντες
1281 1434 1340 1475 με
1384 1413 1459 1461 καὶ
1499 1408 1732 1476 περιπλύ-

213 1521 373 1552 ναντες
412 1498 593 1567 ἔδειξαν
637 1503 733 1551 τοῖς
771 1502 957 1563 ἰατροῖς.
1021 1499 1083 1550 ὡς
1117 1497 1199 1547 οὖν
1231 1496 1359 1546 ταῦτ’
1400 1497 1555 1560 ἀληθῆ
1595 1492 1737 1559 λέγω,

212 1582 391 1633 τούτων
417 1584 524 1646 ὑμῖν
549 1581 657 1636 τοὺς
682 1581 922 1649 μάρτυρας
947 1581 1227 1650 παρέξομαι.

815 1681 1139 1722 ΜΑΡΤΥΡΕΣ.
1755 1686 1864 1727 1260

152 1760 201 1798 16
291 1753 475 1817 Συνέβη
500 1754 669 1815 τοίνυν,
695 1751 761 1803 Χῶ
791 1753 955 1819 ἄνδρες
991 1754 1223 1814 δικασταὶ,
1250 1754 1326 1802 καὶ
1364 1751 1592 1820 Εὐξίθεον
1627 1772 1734 1800 του-

213 1839 311 1888 τονὶ
336 1836 418 1888 τὸν
443 1837 758 1900 ΥΧολλείδην,
778 1837 873 1887 ὄνθ’
897 1837 1006 1900 ἡμῖν
1031 1839 1257 1901 συγγενῆ,
1279 1838 1354 1886 καὶ
1378 1835 1579 1885 Μειδίαν
1599 1832 1742 1896 Ζμετοὶ

215 1921 383 1971 τούτου
421 1920 516 1971 ἀπὸ
556 1921 743 1971 δείπνου
783 1919 929 1971 ποθὲν
967 1919 1191 1973 ἀπιόντας
1231 1923 1492 1985 περιτυχεῖν
1530 1917 1743 1979 πλησίον

218 2004 317 2055 ὅντι
354 2027 433 2067 μοι
471 2007 554 2067 τῆς
593 2005 736 2056 οἰκίας
773 2003 876 2067 ἤδη,
921 2006 996 2053 καὶ
1032 2007 1094 2057 εἷς
1125 2001 1180 2054 τὸ
1216 2006 1470 2064 βαλανεῖον
1501 1999 1771 2069 φερομένῳε

157 2090 657 2155 Ι7παρακολουθῆσαι,
685 2089 760 2137 καὶ
799 2086 958 2153 ἰατρὸν
990 2087 1163 2151 ἄγουσι
1201 2085 1568 2152 παραγενέσθαι.
1624 2085 1744 2134 οὕτω

219 2176 261 2224 δ’
297 2170 425 2239 εἶχον
469 2173 681 2224 ἀσθενῶς
721 2170 854 2232 ὥσθ’,
890 2171 966 2221 ἵνα
1006 2170 1071 2235 μὴ
1097 2169 1282 2236 μακρὰν
1323 2168 1553 2237 φεροίμην
1594 2167 1746 2217 οἴκαδε

218 2260 269 2308 ἐκ
305 2263 389 2308 τοῦ
426 2255 692 2317 βαλανείου,
729 2254 872 2306 ἐδόκει
913 2259 1009 2309 τοῖς
1047 2260 1283 2320 παροῦσιν
1323 2255 1386 2306 ὡς
1423 2251 1505 2303 τὸν
1546 2251 1748 2302 Μειδίαν

1562 2334 1580 2362 b

219 2341 395 2404 ἐκείνην
436 2338 523 2403 τὴν
561 2339 768 2405 ἑσπέραν
809 2340 1003 2402 κομίσαι
1044 2345 1142 2402 ἃμε·
1187 2340 1263 2388 καὶ
1299 2337 1527 2399 ἐποίησαν
1587 2335 1745 2387 οὕτως·

222 2423 343 2485 λαβὲ
370 2424 451 2474 οὖν
477 2424 553 2473 καὶ
578 2421 662 2476 τὰς
693 2421 871 2473 τούτων
896 2422 1167 2488 μαρτυρίας,
1195 2422 1273 2471 εἶν’
1301 2421 1439 2483 εἰδῆθ’
1469 2418 1541 2470 ὅτι
1571 2419 1748 2470 πολλοὶ
1765 2444 1801 2465 ιο

230 2507 510 2559 ἃσυνίσασιν
537 2509 598 2560 ὡς
627 2506 715 2557 ὑπὸ
742 2506 921 2558 τούτων
948 2506 1197 2572 ὑβρίσθην.

280 2638 300 2666 P
329 2631 512 2666 κατέλιπον
542 2630 737 2664 Bekkerus.
773 2632 972 2664 κατέλειπον
992 2629 1184 2675 Dionysius
1204 2641 1238 2674 p.
1260 2638 1352 2676 991.
1389 2628 1587 2661 καταλιπεῖν
1608 2625 1695 2664 RQ.
1716 2631 1751 2658 et

228 2686 302 2720 sine
323 2691 470 2719 accentu
492 2685 528 2718 S.
559 2683 772 2717 καταλείπειν
792 2685 860 2718 k.r.
963 2690 982 2716 (i
1003 2684 1055 2717 καὶ
1074 2695 1144 2716 om.
1166 2682 1253 2721 RQ.
1352 2687 1367 2706 Γ
1386 2680 1477 2725 τινά]
1502 2681 1576 2713 τινὰ
1595 2678 1614 2711 ἃ
1634 2679 1748 2712 A.k.r.

228 2744 243 2763 ³
273 2737 463 2783 ὀνομάζειν]
496 2736 610 2782 λέγειν
638 2737 753 2771 A.k.r.
893 2735 907 2761 t
935 2736 1053 2782 αὐτὸν]
1087 2736 1197 2769 αὑτῶν
1226 2736 1260 2769 k.
1400 2739 1419 2757 ¹¹
1445 2732 1562 2777 μόλις]
1590 2733 1689 2776 μόγις
1715 2731 1749 2764 S.

228 2813 247 2832 Χ
269 2805 294 2841 (3
314 2808 433 2852 ἄνδρες
453 2807 624 2853 δικασταὶ]
666 2791 691 2844 ἔ)
711 2807 752 2840 A.
773 2803 799 2840 ὦ
817 2805 968 2849 ἀθηναῖοι
988 2806 1054 2839 k.r.
1194 2810 1213 2837 Y
1232 2801 1440 2847 Χολλείδην]
1465 2801 1639 2842 Χολλίδην
1660 2799 1749 2833 libri.

229 2861 312 2895 Vid.
334 2861 379 2894 ad
397 2873 432 2906 p.
453 2870 544 2907 929,
570 2861 630 2895 26.
733 2865 749 2884 Ζ
771 2860 854 2903 μετὰ
873 2859 996 2892 τούτου
1016 2858 1082 2891 ἀπὸ
1103 2855 1257 2902 δείπνου]
1282 2856 1348 2889 ἀπὸ
1368 2854 1505 2889 δείπνου
1524 2854 1607 2897 μετὰ
1628 2851 1751 2885 τούτου

232 2914 323 2952 F.Q.
462 2919 481 2938 a
499 2927 540 2956 με
560 2924 629 2947 om.
653 2915 688 2947 S.
836 2910 852 2933 b
873 2910 996 2957 οὕτως]
1020 2910 1107 2945 οὕτω
1129 2911 1164 2944 S.
1308 2915 1324 2933 ⁰
1344 2906 1611 2951 ἵν’-ὑβρίσθην
1631 2917 1699 2938 om.
1722 2917 1750 2939 r.

233 2963 250 2991 d
272 2966 475 3012 συνίσασιν]
503 2979 660 3000 συνιασιν
683 2967 717 3001 S.
