2009 3286
83 260 269 304 -1351‚
287 266 341 290 24.
762 252 905 289 ΚΑΤΑ
937 251 1187 289 ΝΕΑΙΡΑΣ.
1624 247 1735 289 1375

143 379 194 422 23

144 1053 198 1092 24

284 366 384 413 Τοῦ
428 362 514 427 μὲν
558 362 700 426 νόμου
742 363 898 413 τοίνυν
940 361 1182 426 ἀκηκόατε,
1223 359 1260 412 ὦ
1299 362 1462 427 ἄνδρες
1501 362 1733 422 δικασταὶ,

210 445 260 500 ὃς
287 448 369 497 οὐκ
395 449 448 515 ἐᾷ
472 446 557 512 τὴν
585 447 724 516 ξένην
750 451 816 516 τῷ
842 449 977 516 ἀστῷ
1002 450 1236 496 συνοικεῖν
1261 445 1365 496 οὐδὲ
1390 445 1476 509 τὴν
1495 443 1649 508 ἀστὴν
1667 448 1784 513 τῲ25

209 529 341 600 ξένῳ,
384 529 487 582 οὐδὲ
526 533 918 592 παιδοποιεῖσθαι,
961 530 1101 598 τέχνῃ
1142 529 1247 581 οὐδὲ
1291 533 1479 597 μηχανῇ
1522 530 1730 597 οὐδεμιᾷ·

209 615 288 665 ἐὰν
339 615 395 664 δέ
443 638 512 669 τις
561 613 691 681 παρὰ
742 620 890 665 ταῦτα
939 618 1064 681 ποιῇ,
1117 613 1310 682 γραφὴν
1359 613 1581 677 πεποίηκε
1632 613 1732 663 κατ’

209 700 363 749 αὐτῶν
403 697 516 749 εἶναι
558 698 676 765 πρὸς
720 697 827 752 τοὺς
870 698 1174 763 θεσμοθέτας,
1215 697 1336 749 κατά
1378 720 1429 749 τε
1472 703 1556 748 τοῦ
1599 697 1736 766 ξένου

210 785 285 834 καὶ
312 786 395 847 τῆς
422 783 571 853 ξένης,
600 782 686 834 κᾶν
719 784 835 853 ἁλῷ,
862 786 1139 849 πεπρᾶσθαι
1173 781 1360 833 κελεύει.
1418 784 1481 836 ὡς
1518 782 1600 832 οὖν
1632 782 1736 833 ἐστὶ
1755 795 1856 841 1351

209 869 320 937 ξένη
357 868 538 935 Νέαιρα
576 870 709 932 αὕτη,
748 870 872 920 τοῦθ’
912 870 1019 932 ὑμῖν
1056 867 1294 931 βούλομαι
1334 867 1391 936 ἐξ
1422 868 1570 934 ἀρχῆς
1609 868 1737 932 ἀκρι-

209 959 307 1015 βῶς
346 954 586 1024 ἐπιδεῖξαι.

283 1036 441 1089 Ἑπτὰ
492 1037 586 1104 γὰρ
636 1037 807 1092 ταύτας
865 1038 1121 1090 παιδίσκας
1174 1038 1224 1087 ἐκ
1274 1039 1490 1101 Χμικρῶν
1539 1035 1738 1085 παιδίων

211 1121 446 1185 ἐκτήσατο
491 1121 743 1188 Νικαρέτη,
784 1121 1022 1188 Χαρισίου
1072 1121 1157 1185 μὲν
1202 1122 1324 1171 οὖσα
1375 1125 1458 1171 τοῦ
1503 1120 1737 1170 ῩἨλείου

210 1205 513 1272 ἀπελευθέρα,
555 1207 740 1258 Ἱππίου
782 1205 829 1257 δὲ
870 1211 953 1257 τοῦ
994 1206 1221 1272 μαγείρου
1265 1210 1348 1256 τοῦ
1393 1205 1565 1256 ἐκείνου
1604 1201 1767 1269 γυνὴ,5

210 1289 368 1355 Ζδεινὴ
410 1290 458 1341 δὲ
499 1291 649 1360 φύσιν
692 1295 871 1357 μικρῶν
914 1292 1112 1341 παιδίων
1152 1292 1358 1341 συνιδεῖν
1400 1290 1621 1355 εὐπρεπῆ,
1661 1289 1738 1338 καὶ

212 1379 360 1424 ταῦτα
403 1375 691 1440 ἐπισταμένη
737 1375 912 1443 θρέψαι
958 1376 1033 1425 καὶ
1078 1377 1329 1426 παιδεῦσαι
1374 1374 1616 1438 ἐμπείρως,
1658 1372 1733 1422 τέ-

211 1479 330 1523 χνην
375 1457 550 1523 ταύτην
595 1459 1006 1523 κατεσκευασμένη
1047 1459 1121 1508 καὶ
1163 1456 1256 1508 ἀπὸ
1295 1456 1473 1508 τούτων
1512 1454 1594 1507 τὸν
1632 1456 1739 1516 βίον

145 1560 196 1602 25
211 1542 567 1609 συνειλεγμένη.
621 1549 954 1609 προσειποῦσα
985 1544 1022 1593 δ’
1051 1541 1194 1597 αὐτὰς
1229 1542 1423 1606 ὀνόματι
1463 1540 1736 1606 θυγατέρας,
1756 1565 1793 1586 10

209 1626 265 1676 ἵν’
310 1628 372 1681 ὡς
415 1629 670 1694 μεγίστους
716 1627 917 1692 μισθοὺς
967 1626 1222 1693 πράττοιτο
1265 1626 1374 1681 τοὺς
1418 1625 1739 1689 βουλομένους

209 1711 491 1779 πλησιάζειν
548 1714 707 1766 αὐταῖς
771 1715 833 1766 ὡς
895 1712 1159 1778 ἐλευθέραις
1217 1713 1394 1774 οὔσαις,
1446 1710 1603 1774 ἐπειδὴ
1653 1708 1740 1773 τὴν

210 1796 399 1859 ἡλικίαν
437 1798 749 1864 ἐκαρπώσατο
787 1798 942 1848 αὐτῶν
980 1796 1196 1861 ἑκάστης,
1236 1795 1526 1860 συλλήβδην
1564 1796 1640 1845 καὶ
1680 1793 1740 1844 τὰ

211 1882 415 1945 σώματα
460 1882 661 1933 ἀπέδοτο
711 1884 927 1943 ἀπασῶν,
974 1880 1092 1931 ἑπτὰ
1139 1882 1310 1943 οὐσῶν,
1358 1887 1377 1906 ³
1395 1878 1618 1930 ”Αντειαν
1663 1880 1739 1929 καὶ

214 1965 495 2032 Στρατόλαν
539 1968 615 2017 καὶ
654 1965 1020 2032 Ἀριστόκλειαν
1062 1967 1137 2016 καὶ
1184 1964 1481 2031 Μετάνειραν
1525 1965 1599 2014 καὶ
1644 1963 1732 2013 Φί-
1755 1982 1789 2012 ¹5

147 2056 306 2100 ,Ἰόλαν
351 2052 426 2100 καὶ
471 2049 724 2114 Ἰσθμιάδα
775 2052 850 2100 καὶ
896 2050 1104 2115 Νέαιραν
1149 2049 1354 2112 ταυτηνί.
1421 2047 1478 2112 ἢν
1526 2046 1612 2110 μὲν
1657 2047 1739 2097 οῦν

214 2135 413 2189 ἕκαστος
458 2136 611 2185 αὐτῶν
651 2134 883 2199 ἐκτήσατο
928 2135 1002 2184 καὶ
1044 2136 1106 2186 ὡς
1143 2131 1577 2197 ὺήλευθερώθησαν
1616 2129 1738 2181 οὑπὸ

213 2224 308 2270 τῶν
352 2219 621 2286 πριαμένων
671 2218 814 2273 αὐτὰς
864 2218 994 2283 παρὰ
1045 2221 1126 2281 τῆς
1173 2217 1448 2284 Νικαρέτης,
1493 2215 1739 2283 προϊόντος

1142 2299 1161 2327 (1

213 2310 296 2355 τοῦ
337 2302 501 2369 λόγου,
540 2303 596 2353 ἂν
635 2303 882 2368 βούλησθε
922 2301 1103 2353 ἀκούειν
1178 2302 1258 2351 καί
1298 2324 1376 2364 μοι
1420 2301 1668 2366 περιουσία
1708 2299 1737 2368 ᾗ

212 2393 296 2438 τοῦ
331 2389 511 2450 ὕδατος,
547 2387 790 2451 Θδηλώσω
830 2389 949 2450 ὑμῖν·
996 2389 1058 2440 ὡς
1091 2384 1167 2437 ἰδὲ
1209 2385 1389 2452 Νέαιρα
1427 2386 1544 2448 αὕτη
1582 2388 1731 2435 Νικα-
1752 2407 1792 2428 20

211 2472 347 2537 ρέτης
389 2470 446 2535 ἧν
491 2473 567 2522 καὶ
608 2470 878 2537 ἕεἰργάζετο
923 2476 988 2541 τῷ
1033 2470 1221 2533 σώματι
1266 2474 1602 2536 μισθαρνοῦσα
1643 2474 1740 2523 τοῖς

215 2554 520 2617 βουλομένοις
563 2556 680 2623 αὐτῇ
721 2554 1013 2621 πλησιάζειν,
1054 2557 1178 2605 τοῦθ’
1223 2556 1328 2618 ὑμῖν
1367 2555 1605 2618 βούλομαι
1648 2553 1739 2604 πά-

151 2658 200 2700 27
217 2646 294 2689 λιν
343 2640 630 2689 ἐπανελθεῖν.
703 2640 887 2692 Λυσίας
941 2638 1030 2704 γὰρ
1076 2640 1100 2689 ὁ
1152 2640 1393 2705 σοφιστὴς
1447 2639 1739 2704 Μετανείρας

271 2825 290 2844 Χ
310 2822 436 2864 μικρῶν
455 2819 613 2864 παιδίων]
638 2821 758 2864 μικροῦ
778 2819 913 2853 παιδίου
933 2832 961 2854 r.
1120 2825 1138 2852 Y
1157 2817 1314 2864 Ἠλείου]
1340 2817 1438 2862 ἡλίου
1460 2818 1545 2856 SQ.
1569 2824 1603 2851 et
1622 2829 1672 2862 pr.
1693 2816 1735 2850 Y.

218 2873 315 2916 ἡλίου
336 2885 362 2905 r.
450 2878 465 2896 Ζ
487 2873 576 2915 δεινὴ
597 2873 632 2905 δὲ
655 2872 829 2906 Rciskius.
861 2873 950 2916 δεινὴ
971 2873 1006 2906 δέ
1028 2874 1078 2906 καὶ
1099 2872 1262 2915 δυναμένη
1284 2872 1373 2905 libri.
1451 2877 1469 2895 a
1489 2871 1622 2904 ι’ίντειαν
1642 2869 1735 2903 Y.O.

218 2938 280 2960 lav,
320 2926 542 2959 Scriba-batur
561 2924 708 2960 Ἀντίαν.
811 2923 830 2949 b
850 2925 1150 2971 ἠλευθερώθησαν]
1176 2924 1415 2970 ἠλευθέρωσαν
1437 2925 1516 2957 SX.
1612 2928 1628 2947 C
1649 2923 1732 2969 ὑπὸ]

217 2980 307 3023 παρὰ
330 2979 529 3013 S.Y.().1·.v.
601 2976 619 3003 ‘l
642 2979 694 3012 καί
712 2979 785 3024 μοι]
810 2979 868 3012 κίίν
887 2994 944 3022 μοι
966 2992 990 3012 r.
1063 2985 1077 3003 θ
1099 2982 1190 3013 Ante
1211 2979 1357 3020 δηλώσω
1378 2984 1544 3022 quattuor
1560 2977 1612 3010 vel
1634 2977 1735 3022 quiu-

217 3045 285 3078 quc
306 3033 414 3067 litera:
436 3045 541 3067 erasm
562 3033 596 3066 ill
620 3033 655 3065 S.
744 3029 758 3056 s
775 3031 828 3077 δὲ]
854 3033 931 3065 οὔδε
956 3032 991 3066 S.
1083 3038 1102 3062 1³
1123 3031 1312 3077 εἷργιὶζετο]
1338 3030 1499 3075 ἠργάζετο
1523 3031 1556 3063 S.

920 3107 1036 3134 12:02
