2009 3286
95 198 281 252 -1436‚
299 217 331 244 6.
837 205 1125 244 HPOOIMIA.
1633 198 1745 242 1459

219 318 472 384 γεστέρους
498 317 672 383 λόγους
698 316 901 383 λέγοντα
925 315 1045 383 πρὸς
1076 317 1207 379 ὑμᾶς,
1237 314 1389 379 ἱκέτην
1414 313 1634 379 ὑμέτερον
1659 335 1739 378 γε-

219 403 475 467 γενημένον
502 402 739 470 εὐτύχημα
775 399 889 452 εἶναι
916 398 1085 465 νομίζω
1118 402 1200 463 τῆς
1238 397 1439 452 πόλεως·
1481 396 1536 448 τὸ
1563 396 1611 447 δὲ
1636 395 1744 450 τοὺς

220 485 445 551 ἀνοήτους
482 485 695 540 Ῑτούτους
732 484 850 550 μήτε
884 491 1063 536 ΠΙτοῦτο
1102 483 1392 550 λογίζεσθαι,
1418 481 1572 548 παρὸν
1598 482 1744 534 οὕτως

220 570 409 637 ἐναργὲς
449 573 572 633 ἰδεῖν,
608 569 715 634 μήθ’
746 569 816 620 ὅτι
853 568 1091 623 πολλάκις
1129 570 1230 620 καθ’
1267 568 1324 618 ἕν’
1353 568 1506 618 αὐτῶν
1544 566 1746 617 ἕκαστον

220 657 346 719 ὑμεῖς
381 655 641 717 σεσώκατε,
668 657 744 706 καὶ
781 653 932 705 πλείω
970 652 1210 720 πράγματ’
1239 653 1473 719 ἐσχήκατε
1510 650 1596 715 τὴν
1630 650 1741 701 τού·
1762 669 1799 689 ¹0

219 761 314 789 των
340 739 617 805 θρασύτητα
655 741 731 789 καὶ
763 737 1124 801 κακοδαιμονίαν
1155 738 1535 803 ἐπανορθοῦντες,
1563 734 1747 786 ἐπειδᾶν

220 825 274 874 δι’
304 822 471 877 αὑτοὺς
497 823 755 874 ἀνέλωνται
790 820 1017 884 πόλεμον,
1043 819 1072 885 ἢ
1104 819 1163 871 τὰ
1191 819 1369 885 ὑμέτερ’
1397 819 1551 869 αὐτῶν
1588 817 1743 884 πράτ-

219 930 390 970 τοντες,
424 913 563 958 τοῦτο
601 904 902 970 παμπόλλην
941 906 1047 968 ὑμῖν
1084 902 1231 970 ὀργὴν
1266 902 1453 955 εἰκότως
1490 900 1547 951 ἂν
1584 924 1739 967 παρα-

220 989 407 1052 στῆσαί
436 1011 516 1052 μοι
549 992 686 1041 δοκεῖ.
740 988 794 1038 οὐ
828 986 922 1051 μὴν
947 989 1061 1037 ἀλλ’
1090 985 1207 1038 ’ἴσως
1246 983 1427 1037 τούτοις
1460 982 1545 1046 μὲν
1579 983 1739 1049 εἵμαρ-

221 1094 297 1121 ται
322 1071 545 1135 μηδέποτ’
573 1072 621 1122 εῦ
647 1070 940 1137 πράττουσιν
967 1071 1016 1119 εὖ
1043 1071 1299 1137 φρονῆσαι·
1343 1067 1452 1130 ἡμῖν
1478 1066 1526 1117 δὲ
1551 1065 1740 1132 προσή-
1761 1077 1796 1110 Ι5

220 1178 287 1206 κει
339 1157 414 1206 καὶ
464 1159 522 1206 δι’
574 1155 696 1219 ἡμᾶς
747 1153 926 1216 αὐτοὺς,
972 1155 1048 1204 καὶ
1097 1151 1173 1202 διὰ
1223 1151 1364 1202 τᾶλλ’
1408 1150 1438 1202 ἃ
1480 1152 1744 1217 πέπρακται

218 1244 277 1306 τῇ
320 1238 472 1301 πόλει,
513 1238 789 1291 σπουδάσαι
834 1238 982 1306 δεῖξαι
1024 1242 1175 1288 πᾶσιν
1219 1235 1484 1302 ἀνθρώποις
1524 1235 1595 1286 ὅτι
1642 1236 1746 1285 ῃκαὶ

219 1322 450 1390 πρότερον
487 1326 562 1374 καὶ
595 1330 676 1375 νῦν
699 1325 775 1374 καὶ
802 1325 870 1373 ἀεὶ
896 1323 1053 1386 Οἡμεῖς
1088 1321 1173 1385 μὲν
1209 1320 1269 1371 τὰ
1303 1321 1456 1371 δίκαια
1494 1317 1746 1385 προαιρού-

218 1412 339 1471 μεθα
364 1408 600 1474 πράττειν,
628 1409 773 1475 ἕτεροι
800 1407 854 1457 δέ
874 1430 993 1461 τινες
1025 1409 1436 1457 καταδουλοῦσθαι
1462 1403 1745 1468 βουλόμενοι
1759 1422 1801 1443 ²0

219 1489 326 1546 τοῦς
352 1493 507 1543 αὑτῶν
532 1493 733 1546 πολίτας
758 1490 1081 1553 διαβάλλουσι
1107 1488 1226 1557 πρὸς
1252 1490 1389 1554 ἡμᾶς.

875 1591 1010 1638 pKE.

295 1676 354 1724 Ei
379 1672 498 1737 μετὰ
522 1676 605 1737 τῆς
631 1674 773 1736 αὐτῆς
799 1671 1003 1738 γνώμης,
1026 1669 1063 1721 ὦ
1088 1670 1253 1738 ἄνδρες
1281 1675 1538 1736 Ἀθηναῖοι,
1565 1668 1673 1722 τούς
1699 1691 1750 1720 τε

221 1756 393 1822 λόγους
432 1758 620 1822 ἠκούετε
653 1762 748 1808 τῶν
786 1754 1243 1820 (ἶσυμβουλευόντων
1281 1757 1356 1806 καὶ
1396 1754 1456 1805 τὰ
1489 1753 1750 1820 πράγματα

221 1843 431 1909 ἐκρίνετε,
458 1842 650 1893 πάντων
682 1841 1060 1909 ἀσφαλεστατον
1098 1839 1156 1904 ἦν
1191 1838 1273 1890 ἂν
1306 1838 1360 1891 τὸ
1387 1838 1746 1903 συμβουλεύειν.
1763 1853 1800 1885 25

221 1928 297 1976 καὶ
336 1925 430 1992 γὰρ
471 1927 674 1992 εὐτυχῶς
713 1928 789 1975 καὶ
827 1924 1014 1977 Ξοἴλλως
1054 1923 1270 1992 πράξασι
1315 1923 1493 1988 (λεγειν
1536 1945 1628 1988 γαρ
1667 1923 1745 1972 εὑ-

223 2010 394 2080 φήμως
431 2009 589 2061 πάντα
627 2013 714 2077 δεῖ)
757 2008 890 2060 κοινὰ
930 2008 987 2059 ἂν
1022 2007 1080 2072 ἧν
1118 2007 1177 2059 τὰ
1218 2011 1301 2070 τῆς
1340 2008 1489 2059 αἰτίας
1525 2007 1630 2069 ὑμῖν
1672 2007 1748 2056 καὶ

221 2098 287 2163 τῷ
324 2095 559 2146 πεί.σαντι
612 2099 694 2144 νῦν
721 2097 761 2144 δ’
790 2093 976 2143 ἀκούετε
1014 2116 1099 2156 μεν
1124 2096 1218 2142 τῶν
1244 2089 1274 2141 ἂ
1298 2091 1535 2152 βούλεσθε
1571 2088 1741 2154 λεγόν-

221 2201 315 2229 των
355 2179 539 2243 ἥδιστα,
581 2181 796 2228 αἱτιᾶσθε
838 2175 886 2227 δὲ
926 2174 1163 2228 πολλάκις
1207 2175 1448 2243 ἐξαπατᾶν
1494 2175 1611 2237 ὑμᾶς
1656 2174 1742 2223 αὐ-

220 2261 341 2324 τοὺς,
369 2260 427 2312 ἂν
453 2260 517 2326 μὴ
543 2262 682 2312 πάνθ’
713 2260 765 2312 ’ὸν
799 2259 857 2311 ἂν
891 2262 1015 2324 ὑμεῖς
1054 2258 1232 2325 τρόπον
1266 2257 1515 2322 βούλησθε
1541 2257 1745 2322 γε’νηται,
1763 2258 1871 2311 1435

221 2347 274 2396 οὐ
300 2345 594 2411 λογιζόμενοι
619 2345 763 2407 τοῦθ’,
791 2344 862 2395 ὅτι
887 2350 971 2395 τοῦ
996 2343 1081 2408 μὲν
1107 2343 1305 2410 ζητῆσαι
1343 2343 1418 2392 καὶ
1449 2342 1747 2405 λογίσασθαι

220 2429 279 2479 τὰ
316 2427 551 2490 βέλτισθ’,
593 2431 654 2482 ὡς
687 2429 972 2494 ῒὸίνθρωπος,
1010 2429 1086 2477 καὶ
1120 2425 1239 2493 πρὸς
1278 2427 1397 2489 ὑμᾶς
1433 2429 1575 2476 εἰπεῖν
1607 2423 1747 2478 αὐτὸς

220 2512 419 2566 ἕκαστός
459 2515 562 2563 ἐστι
604 2513 771 2579 κύριος,
812 2518 894 2563 τοῦ
934 2511 982 2562 δὲ
1023 2513 1292 2578 πραχθῆναι
1330 2516 1479 2560 ταῦτα
1519 2510 1594 2560 καὶ
1630 2531 1745 2558 συν-

220 2601 421 2661 ενεγκεῖν
447 2598 495 2646 ἐν
520 2601 578 2663 τῇ
612 2596 732 2664 τύχῃ
768 2595 822 2646 τὸ
848 2601 1080 2647 πλεῖστον
1114 2595 1253 2661 με’ρος
1280 2595 1503 2659 γίγνεται.
1556 2592 1660 2643 ἔστι
1697 2591 1773 2642 δὲε

220 2679 470 2745 ἄνθρωπον
498 2679 610 2730 ὅντα
636 2679 883 2745 ἀγαπητὸν
915 2682 998 2742 τῆς
1025 2680 1167 2729 αὑτοῦ
1205 2678 1409 2730 διανοίας
1444 2674 1592 2742 λόγον
1628 2675 1741 2726 ὑπέ-

275 2856 283 2883 ¹
305 2858 445 2893 τούτους
465 2870 536 2892 0111.
558 2871 589 2893 v.
701 2865 730 2883 ¹1¹
752 2859 870 2906 τοῦτο]
896 2874 950 2905 γρ.
972 2861 1011 2894 τὸ
1033 2861 1077 2899 Q.
1188 2866 1203 2882 Π
1224 2860 1277 2893 καὶ
1298 2871 1369 2895 om.
1391 2859 1423 2892 S.
1446 2858 1480 2891 in
1502 2860 1571 2892 fine
1591 2856 1742 2902 paginae.

221 2918 239 2936 0
260 2911 353 2955 ἡμεῖς
371 2911 448 2957 μὲν]
473 2911 566 2954 ἡμεῖς
584 2912 645 2955 μὲν
664 2911 723 2945 οῦν
742 2924 773 2946 v.
888 2919 902 2941 Ρ
924 2913 998 2959 ΚΕ]
1023 2912 1094 2947 ΚΘ’
1116 2914 1150 2947 S.
1262 2918 1281 2945 q
1307 2910 1631 2956 συμβουλευόντων]
1657 2923 1744 2953 συμ-

219 2966 463 3009 βουλευμάτων
482 2965 576 3000 Y.O.
681 2973 694 2991 Γ
714 2964 753 2999 ἂν
773 2966 931 3000 additum
951 2979 993 3001 ex
1016 2967 1186 3005 S.Y.Q.v.
1290 2970 1301 2984 Η
1321 2965 1438 3000 ἄλλως
1459 2965 1643 2999 Dobraeus.
1676 2963 1743 2997 Le-

222 3018 369 3063 gebatm·
390 3020 511 3052 καλῶς.
623 3017 636 3042 t
656 3017 831 3064 ἶίνθρωπος
854 3019 988 3055 S.Y.O.
1020 3019 1209 3065 ἀνθρώποις
1228 3019 1346 3064 vulgo.
