2009 3286
260 202 371 241 1302
803 201 1233 239 ΔΗΜΟΣΘΕΝΟὙΣ
1382 197 1463 236 On.
1491 196 1581 235 LV.
1604 210 1644 249 p.
1669 193 1791 246 1278,
1811 205 1905 232 16—

260 312 368 380 τρὸς
408 317 470 367 ὡς
508 313 593 377 τὴν
628 312 805 363 τούτων
841 314 917 362 καὶ
943 310 1327 376 Υἀποδυραμένης
1361 310 1534 372 ἐκείνης
1570 307 1629 358 τὰ
1654 330 1780 370 συμ-

258 397 414 457 βάντα
455 400 530 448 καῖ
568 395 884 459 δεικνυούσης,
929 397 1074 448 οὕτως
1114 393 1380 457 ἐπυθόμεθα
1422 392 1604 444 Ζπάντα
1644 392 1788 455 ἡμεῖς,

259 478 296 530 ῶ
347 480 510 546 ἄνδρες
562 480 796 530 δικασταί·
839 480 913 528 καὶ
965 477 1121 541 ἢλέγω
1171 475 1257 539 μὲν
1301 474 1421 541 ἅπερ
1471 475 1656 539 ἤκουσα
1706 476 1788 536 τῆς

259 562 451 629 μητρὸς,
493 562 511 588 ¹³
526 564 646 613 οὕτω
688 584 767 625 μοι
807 559 971 612 πολλὰ
1012 558 1170 624 ἀγαθὰ
1213 558 1408 624 γε’νοιτο,
1442 562 1479 608 εὶ
1517 556 1564 608 δὲ
1604 556 1841 624 ψεύδο-το

259 670 357 709 μαι,
385 647 609 697 τάναντία
636 646 828 696 τούτων·
872 642 900 706 ἧ
929 642 1022 706 μὴν
1050 644 1164 709 ὁρᾶν
1191 644 1266 693 καὶ
1294 645 1375 705 τῆς
1411 642 1589 692 τούτων
1613 640 1790 705 μητρὸς

261 729 443 780 ἀκούειν
463 729 553 798 ε”φη
576 732 747 795 κριθῶν
768 726 853 792 μὲν
880 729 1180 794 ρβρεχθῆναι,
1202 728 1276 776 καὶ
1298 725 1658 794 ξηραινομένους
1680 726 1791 774 ἰδεῖν

262 812 422 876 αὐτὴν,
456 812 571 877 μηδὲ
604 817 725 878 τρεῖς
759 811 1021 874 μεδίμνους,
1048 810 1261 876 ἀλεύρων
1297 811 1336 859 δ’
1367 812 1429 862 ὡς
1467 809 1785 873 ἡμιμέδιμνον·

263 898 421 946 ἐλαίου
467 897 504 945 δ’
550 896 889 958 ἀάποκλιθῆναι
930 893 1014 958 μὲν
1057 892 1276 959 κεράμιον
1317 892 1538 961 φάσκειν,
1574 893 1627 942 οὐ
1660 891 1791 954 Εμε’ν-

197 995 247 1033 26
264 1003 334 1030 τοι
385 984 551 1030 παθεῖν
596 1002 649 1043 γε
704 978 848 1029 οὐδέν.
902 983 1131 1039 τοσαῦτα,
1172 975 1208 1027 ὦ
1253 978 1418 1042 ἄνδρες
1457 977 1691 1037 δικασταὶ,
1732 974 1791 1025 τά
1805 992 1842 1024 ²5

263 1062 500 1127 συμβάντ’
529 1061 606 1127 ἰῆν
642 1062 867 1120 Ῐέτούτοις,
904 1063 1002 1112 ἀνθ’
1033 1059 1096 1112 ῶν
1131 1061 1222 1126 ἐγὼ
1258 1061 1425 1127 χιλίων
1458 1062 1682 1127 δραχμῶν
1718 1059 1784 1109 δί-

264 1172 349 1213 κην
389 1150 614 1212 ἀτίμητον
655 1147 830 1216 φεύγω.
884 1148 936 1197 οὐ
971 1145 1064 1212 γὰρ
1099 1145 1154 1209 δὴ
1190 1144 1391 1212 1“τειχίον
1428 1145 1470 1210 γ’
1507 1149 1544 1194 εὶ
1587 1142 1793 1195 παλαιὸν

265 1231 662 1301 Ῐέπῳκοδόμησεν,
706 1233 805 1294 ἐμοὶ
847 1232 924 1281 καὶ
969 1235 1108 1280 τοῦτο
1150 1229 1403 1294 λογιστέον
1441 1229 1585 1289 ἐστὶν,
1621 1226 1646 1278 ὃ
1686 1226 1791 1290 μήτ’

267 1317 404 1368 ἔπεσε
439 1315 547 1380 μήτ’
576 1317 704 1366 ἄλλο
744 1314 925 1365 ι“’δεινὸν
951 1312 1097 1377 μηδὲν
1130 1312 1314 1363 ἔπαθεν.
1370 1310 1486 1362 ὥστ’
1516 1316 1553 1362 εἰ
1577 1310 1790 1377 συνεχώ-
1811 1324 1919 1369 1279

266 1425 378 1468 ρουν
405 1404 559 1454 αὐτοῖς
591 1401 814 1452 ἁπάντων
854 1399 998 1452 α’ίτιος
1037 1397 1151 1448 εἶναι
1189 1402 1282 1448 τῶν
1319 1395 1710 1460 συμβεβηκότων,
1736 1395 1797 1446 τά

204 1485 341 1552 27¹ye
375 1486 637 1553 βρεχθέντα
669 1486 795 1535 ταῦτ’
832 1482 905 1548 ἧν.
949 1482 1088 1534 ὁπότε
1129 1482 1176 1533 δὲ
1213 1480 1328 1546 μήτε
1366 1482 1424 1550 ἐξ
1451 1483 1599 1548 ἀρχῆς
1638 1481 1662 1530 ὁ
1696 1503 1793 1530 πα-

268 1572 356 1638 τὴρ
398 1572 540 1635 ἠδίκει
578 1569 631 1620 τὸ
671 1570 843 1637 χωρίον
884 1569 1264 1634 περιοικοδομῶν,
1298 1565 1403 1629 μήδ’
1445 1565 1571 1615 οὗτοι
1605 1563 1796 1616 πώποτε

269 1654 554 1706 ἐνεκάλεσαν
581 1653 811 1704 τοσούτου
831 1651 1001 1720 χρόνου
1030 1651 1310 1713 διελθόντος,
1331 1651 1378 1701 οἵ
1398 1654 1439 1700 τ’
1462 1650 1606 1699 ἄλλοι
1631 1647 1824 1700 πολλὰὸ

271 1742 345 1790 καὶ
399 1738 525 1790 δεινὰ
574 1736 860 1790 πεπονθότες
903 1736 1046 1799 μηδὲν
1091 1739 1283 1797 μᾶλλον
1335 1735 1622 1799 ἐγκαλοῦσιν
1673 1734 1793 1796 ἐμοὶ,

272 1824 444 1876 πάντες
482 1846 530 1874 τε
566 1824 689 1885 ὑμεῖς
727 1820 781 1872 τὸ
816 1823 865 1871 ἐκ
900 1824 995 1871 τῶν
1022 1823 1178 1870 οἰκιῶν
1204 1821 1278 1869 καὶ
1312 1817 1365 1869 τὸ
1401 1820 1450 1868 ἐκ
1485 1822 1579 1868 τῶν
1614 1818 1798 1884 χωρίων

274 1909 397 1973 ὕδωρ
423 1912 485 1960 εἰς
519 1906 604 1970 τὴν
628 1905 738 1956 ὁδὸν
763 1904 989 1973 Ῐῃἐξάγειν
1022 1903 1227 1960 εἰώθατε,
1255 1904 1369 1953 ἀλλ’
1398 1903 1451 1952 οὐ
1476 1901 1544 1966 μα
1570 1902 1654 1952 Δί’
1684 1901 1798 1951 ε’ίσω

271 1990 325 2042 τὸ
359 1992 406 2041 ἐκ
446 1994 528 2054 τῆς
568 1992 678 2041 ὁδοῦ
712 1990 951 2056 δέχεσθαι,
980 1988 1029 2038 τί
1059 1991 1130 2038 δεῖ
1159 1987 1307 2037 πλείω
1340 1985 1525 2051 λε’γεινς
1568 1984 1671 2035 οὐδὲ
1703 1983 1850 2051 γάρῐο

274 2077 323 2126 ἐκ
361 2075 538 2126 τούτων
572 2074 751 2138 ἄδηλον
787 2073 857 2124 ὅτι
897 2076 1110 2141 φανερῶς
1136 2075 1543 2138 συκοφαντοῦμαι,
1570 2071 1662 2120 οὔτ’
1691 2070 1794 2120 ἀδι-

318 2164 337 2173 ρ,
435 2160 445 2174 s
487 2158 498 2175 x
596 2160 618 2175 ‚J
946 2157 956 2171 ι
1092 2155 1112 2172 cl
1357 2155 1378 2172 el
1505 2159 1515 2176 ς
1569 2159 1578 2172 ³
1617 2157 1637 2166 Α
1733 2153 1754 2171 e!

211 2180 260 2218 28
275 2183 370 2210 κων
397 2162 527 2210 ουδεν
560 2182 661 2209 ουτε
697 2163 1045 2221 βεβλαμμενων
1083 2179 1113 2206 α
1148 2162 1313 2224 φασιν,
1359 2178 1433 2205 ινα
1475 2157 1502 2205 δ
1544 2157 1690 2218 ειδητε
1731 2177 1801 2204 οτι

280 2246 354 2294 καὶ
392 2242 502 2293 Πτὸν
541 2245 722 2309 χλῆδον
755 2245 816 2293 εἱς
854 2240 940 2304 τὴν
973 2239 1081 2290 ὁδὸν
1117 2237 1468 2302 Οε’κβεβλήκασι
1501 2240 1577 2289 καὶ
1613 2237 1699 2301 τὴν
1733 2241 1800 2288 αὶ-

333 2374 349 2400 y
369 2366 639 2412 ἀποδυραμένης]
663 2366 918 2411 ἀποδυρομένης
937 2366 1009 2398 A.r.
1121 2369 1138 2388 Ζ
1158 2363 1286 2407 πάντα]
1310 2363 1432 2397 πάντες
1454 2363 1538 2401 S.Q.
1651 2368 1669 2387 a
1689 2361 1797 2408 λέγω]

279 2421 308 2454 εἷ
323 2421 412 2466 λέγω
433 2432 460 2453 ι’.
482 2425 517 2453 et
537 2432 604 2453 rec.
626 2421 668 2452 A.
816 2415 836 2443 b
857 2417 945 2452 οὕτω
964 2417 1036 2463 μοι]
1061 2416 1166 2452 οὕτως
1189 2417 1261 2460 ἐμοὶ
1282 2416 1410 2455 F.S.Q
1559 2422 1575 2440 ⁰
1593 2415 1796 2461 βρεχθῆναι]

279 2476 442 2519 βρεχηνιιι
464 2474 498 2505 S.
587 2469 605 2496 d
625 2471 863 2516 ἀποκλιθῆναι]
888 2471 1117 2514 ιῖποκληθῆναι
1140 2470 1174 2503 S.
1204 2469 1445 2512 ἀποκλινθῆνιιι
1466 2470 1536 2503 Α.ι·.
1630 2475 1645 2493 e
1665 2468 1798 2514 μέντοι]

280 2529 434 2572 μέντοιγε
458 2527 494 2560 S.
518 2526 598 2559 licet
616 2540 655 2571 γε
676 2531 755 2571 post
775 2526 894 2559 παθεῖν
914 2536 1054 2569 quoque
1075 2524 1214 2558 habeat.
1252 2523 1364 2556 Simili
1385 2534 1500 2557 errore
1520 2522 1650 2557 librarii
1671 2523 1730 2556 οὐκ
1750 2523 1803 2556 bis

281 2580 317 2613 in
337 2580 458 2614 cadem
479 2579 653 2613 sententia
673 2579 841 2624 scriptum
862 2591 896 2624 p.
914 2589 1027 2625 1009,
1052 2588 1111 2611 22.
1213 2574 1228 2601 f
1246 2575 1300 2623 ἦν]
1324 2577 1400 2610 ἐστὶ
1420 2577 1492 2610 A.r.
1608 2582 1629 2609 g
1647 2574 1798 2622 τούτοις]

283 2632 393 2680 τούτῳ
414 2632 545 2671 F.S.Q.
671 2629 689 2656 h
709 2633 837 2676 τειχίον
855 2631 887 2676 γ’
909 2632 938 2664 εἷ
959 2631 1002 2670 Q.
1035 2631 1164 2674 τειχίον
1183 2630 1211 2663 εἷ
1232 2630 1272 2665 F.
1317 2630 1346 2663 εἷ
1366 2630 1493 2674 τειχίον
1511 2644 1551 2675 γε
1570 2630 1641 2663 A.r.
1677 2629 1805 2673 τειχίον

283 2687 317 2720 in
342 2688 411 2721 fine
435 2699 554 2720 versus
582 2686 631 2725 S„
660 2685 789 2718 omisso
820 2684 851 2730 γ’
872 2685 911 2725 εἷ,
936 2685 1031 2730 quod
1060 2684 1231 2724 librarius,
1252 2695 1367 2717 errore
1399 2695 1462 2716 suo
1488 2683 1741 2722 animadverso,
1768 2682 1805 2715 in

286 2752 396 2786 marg.
418 2740 556 2784 adjecit.
679 2736 687 2762 i
708 2738 988 2784 ἐπῳκοδόμησεν]
1014 2737 1279 2780 ἐποικοδόμησεν
1301 2736 1384 2775 S.Q.
1509 2733 1530 2761 ¹4
1552 2736 1660 2769 δεινὸν
1680 2734 1799 2780 μηδὲν]

285 2794 387 2837 μηδὲν
407 2794 516 2827 δεινὸν
536 2794 610 2827 A.r.
724 2789 732 2815 Ῑ
752 2806 791 2837 γε
811 2803 882 2825 om.
905 2792 975 2824 A.r.
1005 2805 1041 2823 τε
1062 2803 1114 2835 pr.
1138 2792 1173 2823 S.
1286 2796 1315 2814 ¹¹¹
1336 2789 1486 2835 ἐξάγειν]
1512 2816 1520 2829 ‚
1541 2787 1804 2832 ἐκβεβλήκασιν,

286 2848 418 2892 ἐξάγειν
440 2847 475 2881 S.
510 2846 705 2882 Commatis
725 2845 792 2878 illis
812 2844 973 2878 librarius
994 2844 1201 2888 significavit
1222 2844 1410 2877 delendum
1431 2855 1506 2877 esse
1525 2843 1669 2876 verbum
1690 2854 1707 2875 e
1728 2842 1805 2875 loco

287 2900 450 2934 inferiore
478 2912 540 2945 per
560 2911 712 2933 errorem
735 2898 882 2932 illatum.
933 2897 1100 2931 Similiter
1129 2909 1162 2941 p.
1184 2907 1294 2942 1304,
1322 2908 1380 2931 12.
1403 2902 1438 2929 et
1458 2896 1550 2929 alibi.
1709 2900 1727 2918 ¹¹
1747 2895 1807 2928 τὸν

287 2954 416 2997 χλῆδον
432 2954 479 2988 εἷς
498 2954 558 2997 τὴν
578 2952 674 2998 ὁδὸν]
699 2952 745 2987 εἷς
766 2951 826 2994 τὴν
846 2952 925 2985 ὁδὸν
944 2952 1003 2984 τὸν
1023 2951 1152 2994 χλῆδον
1167 2951 1210 2986 A.
1241 2951 1287 2985 εἷς
1308 2951 1367 2993 τὴν
1387 2950 1466 2983 ὁδὸν
1481 2949 1601 2994 χλίδον
1622 2961 1649 2983 r.
1718 2954 1735 2972 ⁰
1756 2948 1806 2981 e'x-

286 3006 499 3050 βεβλὴκασιν
522 3006 653 3045 F.S.Q.
691 3006 890 3052 Legebatur
910 3003 1157 3048 ἔμβεβλὴκασι,
