2009 3286
275 191 388 233 1446
800 195 1263 251 [ΔΗΜΟΣΘΕΝΟΎΣ]
1563 197 1571 208 ’
1615 209 1656 249 p.
1681 206 1801 246 1422,
1825 211 1919 236 10—

272 306 463 358 πάντων
501 306 520 333 ‘¹
536 313 629 359 τῶν
668 308 1197 373 θσυμβεβουλευκότων,
1238 306 1369 359 οὐδὲν
1415 309 1532 370 ὑμᾶς
1579 312 1659 358 νῦν
1697 309 1790 374 ὁρῶ
1808 334 1847 357 ιο

272 388 410 444 ὄντας
444 391 679 458 ἐγγυτέρω
717 398 800 443 τοῦ
838 393 885 443 τί
915 391 1148 460 πρακτέον
1177 393 1404 458 εὑρῆσθαι
1430 389 1458 455 ἢ
1483 393 1596 457 πρὶν
1621 394 1683 446 εἰς
1708 391 1796 455 τὴν

271 474 530 537 ἐκκλησίαν
569 477 814 540 ἀναβῆναι.
871 476 1017 527 αἴτιον
1057 475 1104 527 δὲ
1142 475 1333 527 Ῑτούτου
1372 473 1514 526 ταύτὸ
1554 474 1684 542 ὅπερ,
1721 474 1790 526 οῗ-

268 580 367 620 μαι,
402 564 484 609 τοῦ
523 564 673 613 κακῶς
711 560 831 627 ε”χειν
867 559 926 611 τὰ
963 560 1070 612 ὅλα·
1119 561 1172 611 οὐ
1207 558 1301 626 γὰρ
1336 565 1650 625 παραινοῦσιν
1689 561 1796 623 ὑμῖν

271 640 385 706 ὑπὲρ
411 646 505 692 τῶν
530 641 779 709 παρόντων
805 647 846 694 οἱ
873 643 1106 708 λέγοντες,
1135 645 1247 693 ἀλλ’
1273 644 1448 694 ἑαυτῶν
1476 649 1793 709 κατηγοροῦσι

268 726 344 775 καὶ
382 729 720 792 λοιδοροῦνται,
760 728 822 780 ὡς
866 726 951 790 μὲν
989 725 1082 792 ἐγὼ
1121 728 1276 792 κρίνω,
1315 725 1631 791 συνεθίζοντες
1674 728 1791 790 ὑμᾶς
1807 751 1840 781 15

267 808 378 859 ἄνευ
421 811 632 875 κρίσεως,
673 809 803 861 ὅσων
847 812 967 860 εἰσὶν
1011 809 1146 861 αἴτιοι
1192 814 1360 872 κακῶν,
1400 810 1596 872 ἀκούειν,
1636 810 1690 860 ἵν’
1732 811 1790 861 ἄν

265 897 371 943 ποτ’
400 893 492 959 ἄρα
526 897 588 947 εἷς
622 898 786 959 ἀγῶνα
816 898 1178 956 ἕκαθιστῶνται,
1205 892 1349 958 μηδὲν
1378 892 1626 959 ἡγούμενοι
1651 891 1784 944 ι’και-

266 975 347 1026 νὸν
383 977 580 1039 ἀκούειν,
612 978 723 1028 ἀλλ’
758 975 873 1043 ὑπὲρ
908 975 971 1028 ῶν
1006 976 1212 1044 ὤργισθε
1252 975 1505 1039 πολλάκις,
1539 975 1788 1043 πραότεροι

265 1061 485 1111 δικασταὶ
523 1062 598 1111 καὶ
637 1063 788 1127 κριταὶ
825 1062 1056 1127 γίγνησθε
1095 1065 1189 1112 τῶν
1230 1060 1575 1127 πεπραγμένων
1613 1061 1782 1114 αὐτοῖς.
1802 1082 1842 1105 20

263 1141 349 1207 τὴν
387 1143 472 1208 μὲν
506 1145 588 1194 οὖν
623 1145 788 1207 αἰτίαν,
816 1147 869 1195 δι’
898 1144 957 1208 ἣν
990 1150 1138 1195 ταῦτα
1175 1150 1406 1206 ποιοῦσιν,
1440 1143 1557 1196 ἴσως
1589 1143 1788 1207 ἀνόητον

264 1228 468 1293 ἀκριβῶς
506 1228 656 1294 ζητεῖν
694 1229 761 1293 εἴη
800 1228 858 1279 ἂν
896 1231 944 1279 ἐν
981 1232 1049 1298 τῷ
1086 1227 1302 1295 παρόντι·
1347 1227 1416 1279 ὅτι
1453 1226 1502 1278 δὲ
1540 1229 1646 1291 ὑμῖν
1685 1228 1788 1295 οὐχὶ

264 1312 510 1380 συμφέρει,
550 1311 625 1362 διὰ
665 1318 803 1363 τοῦτο
846 1313 1058 1376 ἐπιτιμῶ.
1113 1311 1206 1378 ἐγὼ
1245 1312 1283 1361 δ’
1325 1313 1430 1362 οὔτε
1472 1312 1787 1377 κατηγορήσω

264 1392 465 1460 τήμερον
494 1394 691 1457 οὐδενὸς,
719 1396 823 1445 οὔτε
861 1394 1199 1463 ὑποσχήσομαι
1232 1394 1464 1446 ἰτοιοῦτον
1500 1394 1633 1446 οὐδὲν
1664 1393 1689 1446 ὃ
1719 1394 1785 1459 μὴ

263 1481 553 1546 παραχρῆμα
584 1480 811 1547 ἐπιδείξω,
840 1480 932 1530 οὐδ’
963 1479 1086 1532 ὅλως
1117 1484 1212 1530 τῶν
1246 1480 1400 1530 αὐτῶν
1438 1478 1618 1532 τούτοις
1653 1479 1785 1530 οὐδὲν
1798 1499 1835 1530 25

262 1561 463 1626 ποιήσω·
515 1563 625 1612 ἀλλ’
670 1560 701 1613 ἃ
743 1562 977 1623 βέλτιστα
1021 1562 1104 1625 μὲν
1149 1567 1244 1616 τοῖς
1287 1561 1555 1628 πράγμασι,
1598 1562 1785 1631 συμφέ-

259 1668 405 1711 ροντα
445 1645 493 1697 δὲ
531 1651 628 1699 τοῖς
665 1647 1023 1709 βουλευομένοις
1062 1648 1168 1710 ὑμῖν
1206 1648 1422 1711 ἡγοῦμαι,
1457 1650 1590 1697 ταῦθ’
1627 1647 1688 1699 ὡς
1726 1643 1789 1696 ἂν

262 1731 468 1794 δύνωμαι
495 1730 571 1782 διὰ
596 1731 910 1798 βραχυτάτων
936 1732 1078 1783 εἰπὼν
1104 1731 1453 1794 καταβήσομαι,

994 1829 1049 1876 Ζ.

335 1913 399 1960 Οἱ
434 1910 519 1973 μὲν
550 1912 857 1972 ἐπαινοῦντες,
889 1908 926 1960 ῶ
962 1909 1124 1974 ἄνδρες
1161 1913 1418 1972 Ἀθηναῖοι,
1452 1907 1558 1961 τοὺς
1597 1908 1776 1975 προγό-
1798 1926 1904 1968 1423

258 2016 363 2046 νους
402 1995 530 2056 ὑμῶν
565 1993 714 2058 λόγον
752 1997 895 2045 εἰπεῖν
931 2016 1010 2057 μοι
1046 1995 1239 2043 δοκοῦσι
1277 1996 1605 2059 προαιρεῖσθαι
1646 2015 1782 2059 κεχα-

256 2078 495 2142 ρισμένον,
535 2079 588 2128 οὐ
630 2078 723 2140 μὴν
762 2076 1069 2145 συμφέροντά
1107 2100 1160 2142 γε
1204 2077 1387 2129 ἐκείνοις
1424 2076 1502 2129 οὓς
1542 2075 1776 2141 ἐγκωμιά-

258 2159 389 2224 §bum
426 2166 587 2212 ποιεῖν.
637 2163 742 2226 περὶ
776 2160 869 2227 γὰρ
902 2159 1196 2226 πραγμάτων
1230 2161 1556 2226 ἐγχειροῦντες,
1587 2157 1652 2209 ῶν
1682 2160 1805 2210 οὐδ’5

256 2242 314 2294 ἂν
350 2243 412 2297 εἶς
447 2244 590 2312 ἀξίως
622 2245 869 2312 ἐφικέσθαι
905 2245 1092 2295 δύναιτο
1127 2247 1193 2311 τῷ
1230 2243 1375 2311 λόγῳ,
1412 2244 1541 2293 αὐτοὶ
1579 2242 1663 2305 μὲν
1695 2248 1780 2293 τοῦ

257 2327 488 2377 δύνασθαι
524 2327 677 2392 λέγειν
713 2326 860 2395 δόξαν
893 2327 1181 2394 ἐκφέρονται,
1207 2326 1293 2389 τὴν
1329 2327 1368 2375 δ’
1397 2327 1580 2376 ἐκείνων
1612 2326 1781 2392 ἀρετὴν

255 2410 438 2460 ἐλάττω
475 2413 558 2473 τῆς
594 2411 937 2474 ὑπειλημμένης
972 2411 1102 2476 παρὰ
1136 2415 1232 2463 τοῖς
1267 2411 1491 2460 ἀκούουσι
1523 2412 1777 2474 φαίνεσθαι

254 2499 484 2544 ποιοῦσιν.
526 2493 619 2558 ἐγὼ
647 2493 694 2543 δὲ
719 2496 802 2556 τῆς
827 2492 913 2556 μὲν
937 2494 1119 2544 ἐκείνων
1145 2495 1310 2558 ἀρετῆς
1335 2494 1562 2558 μέγιστον
1587 2494 1776 2545 ε”παινον

255 2577 457 2641 ἠγοῦμαι
494 2575 576 2626 τὸν
615 2575 798 2643 χρόνον,
839 2576 892 2626 οὗ
933 2581 1121 2627 πολλοῦ
1159 2577 1469 2640 γεγενημένου
1505 2575 1642 2641 μείζω
1679 2582 1773 2628 τῶν
1788 2600 1826 2622 ιο

256 2660 329 2710 ὑπ’
372 2658 588 2710 Ι(ἐκείνων
624 2660 932 2725 πραχθέντων
971 2661 1148 2712 οὐδένες
1189 2660 1333 2709 ἄλλοι
1370 2659 1774 2727 1παραδείξασθαι

309 2834 326 2861 d
351 2841 417 2871 τῶν
437 2849 505 2871 om.
531 2839 566 2872 S.
642 2843 657 2861 Ε
678 2837 1044 2884 συμβεβουλευκότων]
1068 2840 1347 2879 βεβουλευκότων
1368 2851 1398 2872 v.
1473 2836 1488 2863 f
1505 2838 1627 2872 τούτου
1647 2838 1767 2883 ταύτὸ]

253 2889 344 2924 τοῦτ’
364 2891 445 2924 αὐτὸ
467 2891 559 2925 Y.O.
673 2896 694 2924 g
714 2891 955 2936 καθιστῶνται]
980 2891 1032 2924 καὶ
1053 2892 1276 2926 καθιστῶνται
1298 2892 1372 2925 F.v.
1479 2889 1498 2915 h
1519 2891 1648 2936 καινὸν]
1673 2892 1772 2924 κακὸν

254 2955 283 2976 ν.
308 2948 342 2977 et
361 2958 416 2988 γρ.
439 2943 528 2981 Q.Y.
629 2940 637 2967 ἱ
657 2943 828 2989 τοιοῦτον]
852 2946 986 2976 τοιοῦτο
1009 2944 1044 2977 S.
1143 2941 1163 2968 k
1183 2943 1333 2989 ἐκείνων]
1357 2945 1482 2978 ἐκείνου
1501 2956 1534 2978 v.
1633 2941 1642 2967 l
1661 2958 1769 2988 παρα-

254 2995 429 3039 δείξασθαι
451 2996 487 3030 S.
519 2997 774 3040 παραδέξασθαι
794 2997 899 3042 vulgo
920 2997 975 3030 hic
996 3003 1030 3030 et
1050 3009 1084 3042 p.
1110 2996 1193 3042 178,
1215 3008 1272 3031 11.
