2009 3286
228 218 342 261 1878
759 216 1231 272 [ΔΗΜΟΣΘΕΝΟΎΣ]
1337 217 1419 258 οη.
1443 217 1573 258 LIX.
1596 231 1636 272 p.
1659 228 1782 271 1354,
1800 231 1874 255 1—

228 334 309 394 τῆς
335 332 604 399 παρρησίας
634 333 877 400 Στέφανος
903 333 1079 394 οὑτοσὶ,
1103 331 1210 385 τοὺς
1237 331 1285 382 δὲ
1310 329 1454 396 μηδὲν
1479 329 1748 396 προσήκον-
1765 349 1781 376 1
1789 349 1812 390 3
1817 346 1874 390 54

227 438 310 468 τας
336 416 542 482 βιάζεται
570 417 848 481 Ἀθηναίους
877 414 990 467 εἶναι
1023 415 1153 483 παρὰ
1184 415 1364 470 πάντας
1396 414 1503 469 τοὺς
1540 414 1707 478 νόμους
1731 436 1743 476 3

227 499 309 550 τὸν
359 502 396 549 δ’
448 498 750 568 1ηἽππαρχον
802 498 943 551 αὐτὸν
1001 502 1107 562 ὑμῖν
1165 504 1312 562 καλῶ,
1363 501 1438 550 καὶ
1489 497 1750 564 ἀναγκάσω

1429 582 1448 601 ’Χ

227 589 477 650 μαρτυρεῖν
517 584 545 649 ἢ
589 583 878 653 ἐξόμνυσθαι
928 584 1047 635 κατὰ
1090 583 1173 636 τὸν
1223 583 1380 649 νόμον,
1424 608 1453 648 η
1498 582 1747 646 κλητεύσω

228 668 383 721 αὐτόν.
437 669 516 719 καί
537 691 617 733 μοι
642 669 775 720 κάλει
792 666 1077 736 Ἵππαρχον.
1760 684 1778 716 5

160 771 214 823 36
814 783 838 814 g
854 780 1161 821 MAPTTPIA.

336 855 557 910 Ἵππαρχος
587 855 802 908 Ἀθμονεὺς
835 861 1023 909 μαρτυρεῖ
1054 857 1319 906 Ξενοκλείδην
1355 856 1417 895 καὶ
1452 854 1571 894 αὑτὸν
1605 855 1750 905 μισθώ-

285 928 433 965 σασθαι
461 925 638 977 Νέαιραν
667 927 710 965 ἐν
739 926 917 980 Κορίνθῳ
948 925 1019 975 τὴν
1050 927 1119 964 νῦν
1149 922 1452 976 ἀγωνιζομένην,
1480 923 1530 964 ὡς
1554 921 1573 949 h
1592 924 1750 972 ἑταίραν

284 994 409 1033 οὖσαν
430 997 508 1033 τῶν
527 996 841 1045 μισθαρνουσῶν,
866 993 929 1033 καὶ
950 993 1158 1043 συμπίνειν
1181 992 1224 1032 ἐν
1246 991 1422 1044 Κορίνθῳ
1446 989 1624 1041 Νέαιραν
1645 987 1746 1040 ἰμεθ’
1766 999 1804 1021 ¹0

285 1063 403 1101 αὑτοῦ
426 1062 487 1101 καὶ
510 1063 773 1103 Ξενοκλείδου
793 1065 860 1101 τοῦ
882 1065 1053 1112 ποιητοῦ.

161 1157 213 1199 37
303 1141 443 1192 Μετὰ
496 1147 645 1193 ταῦτα
702 1143 858 1193 τοίνυν
916 1142 1058 1205 αὐτῆς
1107 1140 1351 1205 γίγνονται
1403 1139 1600 1204 ἐρασταὶ
1652 1136 1749 1200 δύο,

227 1226 582 1293 1(Τιμανορίδας
622 1249 670 1277 τε
718 1227 743 1277 ὁ
785 1227 1034 1292 Κορίνθιος
1073 1227 1148 1275 καὶ
1188 1221 1432 1289 Εὐκράτης
1472 1223 1496 1273 ὁ
1535 1221 1747 1273 1Λευκά-

228 1313 336 1373 διος,
369 1309 411 1360 οἳ
445 1310 690 1375 ἐπειδήπερ
723 1307 990 1373 πολυτελὴς
1019 1307 1077 1373 ἧν
1107 1309 1135 1372 ἡ
1164 1307 1399 1373 Νικαρέτη
1425 1312 1521 1360 τοῖς
1551 1305 1744 1372 ἐπιτάγ-
1766 1329 1801 1359 15

227 1415 390 1457 μασιν,
430 1392 634 1460 ἀξιοῦσα
677 1391 735 1443 τὰ
775 1393 875 1443 καθ’
917 1392 1095 1458 ἡμέραν
1134 1391 1426 1454 ἀναλώματα
1464 1387 1649 1440 ἅπαντα
1692 1393 1751 1456 τῇ

229 1478 350 1544 οἰκίᾳ
386 1480 499 1541 παρ’
540 1477 694 1527 αὐτῶν
736 1475 1013 1540 λαμβάνειν,
1053 1474 1384 1525 κατατιθέασιν
1428 1474 1569 1537 αὐτῆς
1614 1471 1752 1536 τιμὴν

228 1560 479 1626 τριάκοντα
513 1566 632 1624 μνᾶς
668 1567 750 1612 τοῦ
785 1561 1008 1624 σώματος
1042 1565 1100 1628 τῇ
1135 1559 1386 1626 Νικαρέτῃ,
1419 1560 1494 1609 καὶ
1527 1560 1753 1609 ὠνοῦνται

230 1645 374 1710 αὐτὴν
411 1647 519 1712 παρ’
554 1647 695 1709 αὐτῆς
734 1645 861 1715 νόμῳ
899 1645 1084 1698 πόλεως
1123 1644 1350 1713 καθάπαξ
1384 1645 1538 1694 αὑτῶν
1577 1642 1752 1707 δούλην

161 1741 215 1796 38
231 1728 357 1782 εἶναι.
397 1732 473 1781 καὶ
499 1728 624 1797 εἶχον
650 1732 725 1780 καὶ
751 1732 956 1797 ἐχρῶντο
983 1729 1100 1780 ὅσον
1126 1730 1391 1793 ἠβούλοντο
1417 1730 1534 1794 αὐτῇ
1561 1726 1745 1795 χρόνον.
1764 1747 1804 1768 ²0

229 1814 487 1879 μέλλοντες
513 1814 560 1865 δὲ
587 1820 767 1880 γαμεῖν,
794 1814 1199 1881 προαγορεύουσιν
1225 1815 1341 1882 αὐτῇ
1369 1813 1439 1864 ὅτι
1472 1814 1524 1863 οὐ
1549 1812 1752 1873 βούλον-

230 1924 306 1951 ται
340 1899 485 1964 αὐτὴν
520 1904 664 1968 σφῶν
695 1901 848 1950 αὐτῶν
880 1900 1066 1966 ἑταίραν
1092 1899 1402 1965 γεγενημένην
1429 1899 1541 1964 ὁρᾶν
1572 1900 1619 1948 ἐν
1649 1901 1750 1948 Κο-

230 1985 374 2053 ρίνθῳ
425 1984 735 2050 ἐργαζομένην
786 1984 882 2034 οὐδ’
927 1982 1015 2034 ὑπὸ
1062 1987 1380 2052 πορνοβοσκῷ
1430 1983 1593 2044 οὖσαν,
1636 1984 1750 2032 ἀλλ’

231 2069 373 2132 ἡδέως
412 2066 469 2119 ἂν
505 2069 658 2121 αὐτοῖς
697 2067 764 2132 ε’ίη
803 2066 1002 2118 ἔλαττόν
1034 2075 1130 2118 11Ῑτε
1169 2067 1420 2133 τάργύριον
1459 2067 1751 2130 κομίσασθαι
1765 2086 1802 2118 25

232 2157 344 2218 παρ’
390 2159 409 2178 ¹¹
431 2154 571 2215 αὐτῆς
616 2150 645 2216 ἢ
690 2152 962 2213 κατέθεσαν,
1009 2154 1084 2202 καὶ
1133 2151 1278 2215 αὐτὴν
1325 2151 1500 2215 ταύτην
1551 2152 1664 2216 ὁρᾶν
1708 2173 1754 2201 τι

233 2235 414 2300 ἀγαθὸν
449 2235 669 2302 ἔχουσαν.
725 2234 909 2303 ἀφιέναι
946 2235 1027 2285 οὖν
1058 2236 1207 2302 Οαὺτῇ
1242 2234 1432 2302 ἔφασαν
1467 2238 1529 2288 εἷς
1563 2235 1749 2284 ἐλευθε-

233 2320 338 2384 ρίαν
379 2320 535 2386 χιλίας
577 2318 803 2385 δραχμὰς,
843 2319 1157 2372 πεντακοσίας
1198 2317 1426 2384 ἑκάτερος·
1476 2317 1561 2371 τὰς
1606 2319 1645 2367 δ’
1686 2317 1751 2368 ε’ί-

235 2427 345 2454 κοσι
382 2409 500 2467 μνᾶς
535 2403 747 2454 ἐκέλευον
781 2402 926 2467 αὐτὴν
961 2404 1247 2472 ἐξευροῦσαν
1286 2404 1441 2455 αὑτοῖς
1479 2404 1748 2453 ἀποδοῦναι.

166 2514 221 2555 39
236 2489 488 2539 ἀκούσασα
523 2490 559 2539 δ’
593 2490 745 2551 Ιἀὕτη
778 2487 886 2541 τοὺς
925 2487 1096 2552 λόγους
1131 2486 1322 2540 τούτους
1356 2492 1439 2536 τοῦ
1476 2509 1525 2537 τε
1561 2484 1750 2551 Εὐκρά-

235 2596 342 2627 τους
382 2575 457 2623 καὶ
499 2573 851 2638 ἿΤιμανορίδου,
894 2571 1242 2635 μεταπέμπεται
1284 2575 1349 2624 εἰς
1390 2570 1474 2634 τὴν
1522 2569 1754 2636 Κόρινθον
1771 2588 1876 2634 1355

236 2657 416 2710 ἄλλους
442 2679 489 2706 τε
517 2660 610 2706 τῶν
638 2658 850 2721 ἐραστῶν
876 2661 970 2707 τῶν
996 2655 1315 2721 γεγενημένων
1341 2656 1457 2721 αὐτῇ
1483 2657 1558 2704 καὶ
1585 2655 1755 2720 Φρυνί-

291 2796 305 2823 f
321 2797 531 2844 Ἵππαρχον]
555 2799 614 2832 τὸν
633 2796 805 2842 ἵππαρχον
825 2810 853 2831 r.
912 2803 932 2830 g
953 2797 1148 2842 Μαρτυρία]
1173 2798 1300 2842 μάρτυς
1320 2809 1353 2830 v.
1422 2793 1442 2820 h
1463 2795 1614 2841 ἑταίραν]
1638 2796 1755 2840 ἑτέραν

240 2854 275 2887 S.
300 2864 471 2898 superscr.
494 2864 561 2887 rec,
582 2866 627 2891 αι,
649 2851 705 2885 hic
729 2857 762 2885 ct
782 2851 841 2884 lin.
863 2860 923 2884 21.
1037 2847 1045 2874 i
1065 2849 1137 2893 μεθ’
1158 2850 1263 2883 αὑτοῦ
1285 2849 1493 2883 Schaeferus.
1531 2849 1754 2883 scribebatur

236 2930 307 2974 μετ’
328 2932 443 2965 αὐτοῦ.
522 2928 540 2954 k
561 2929 798 2975 Τιμανορίδας]
823 2913 1036 2974 τιμιινορίδίζς
1059 2929 1098 2962 F.
1129 2913 1344 2973 τιμανορίδῧς
1364 2928 1456 2967 Q.O.
1487 2927 1701 2973 τιμανορίδης
1721 2939 1752 2960 v.

238 2981 247 3007 l
270 2984 465 3029 Λευκάδιος]
490 2985 669 3018 λευκάσιος
690 2996 716 3016 r.
775 2989 803 3006 ¹¹¹
825 2997 858 3015 τε
882 2995 949 3015 om.
968 2995 996 3016 r.
1058 2988 1073 3005 ¹¹
1096 2982 1213 3027 αὐτῆς]
1240 2983 1353 3017 αὐτοῖς
1374 2995 1398 3015 1¹.
1458 2988 1476 3006 ⁰
1496 2981 1597 3027 αὐτῇ]
1623 2981 1705 3023 αὐτῇ
1726 2992 1753 3013 r.

239 3042 258 3069 P
279 3035 378 3082 αὕτη]
403 3038 485 3080 αὐτὴ
506 3050 532 3071 r.
621 3045 638 3071 (1
660 3035 899 3081 Τιμανορίδου]
925 3038 984 3069 τοῦ
1005 3036 1220 3081 τιμανορίδου
1242 3047 1268 3068 r.
