2009 3286
112 200 367 252 —1476,1⁴.
818 202 1103 240 ΕΠΙΣΤΟΛΗ
1137 202 1179 239 Γ.
1652 200 1768 242 1499

233 312 341 366 τοὺς
386 311 434 364 δὲ
479 314 702 363 τάναντία
746 314 1042 379 πράττοντας
1090 311 1210 362 κατὰ
1254 310 1412 362 πάντα
1457 312 1760 376 ἐρρωμένους.

235 399 344 448 ἀλλ’
374 397 500 461 ὅμως
526 397 658 448 οὐδὲν
684 397 826 461 ἧττον
857 399 1026 449 ἐκεῖνος
1057 395 1207 462 ε’ίχετο
1243 395 1422 446 τούτων
1449 394 1480 444 ἃ
1504 395 1767 461 συμφέρειν

235 482 392 547 ἡγεῖτο
430 485 496 550 τῷ
534 480 681 550 δήμῳ,
717 483 793 532 καὶ
831 480 949 544 μετὰ
986 485 1134 530 ταῦτα
1174 477 1352 532 ἀόκνως
1387 481 1463 528 καὶ
1500 478 1655 543 λέγων
1690 481 1765 528 καὶ

235 565 458 632 πράττων
494 563 525 615 ἃ
557 568 798 631 προσῆκεν
833 564 891 628 ἧν
926 562 1144 633 φανερὸς,
1172 565 1244 631 ἐφ’
1274 562 1340 616 οἷς
1377 561 1510 616 εὐθὺς
1542 562 1765 630 ἐξῃτεῖτο,

238 651 299 702 ὡς
326 646 528 702 ἅπαντες
556 649 734 700 ἰ’σασιν.
1783 669 1818 700 ¹5

197 746 224 787 5
313 731 603 783 Ἐπέστειλα
638 733 722 796 μὲν
757 734 839 783 οὖν
866 732 937 793 ἂν,
968 731 1133 798 ὥσπερ
1165 730 1294 783 εἶπον
1326 733 1375 781 ἐν
1414 733 1551 798 ἀρχῇ,
1583 732 1658 781 καὶ
1692 730 1768 781 διὰ

236 816 322 880 τὴν
349 817 522 867 ἐκείνου
547 816 702 883 χάριν·
747 818 800 867 οὐ
835 816 929 880 μὴν
960 816 1092 866 ἀλλὰ
1128 818 1204 866 καὶ
1239 817 1345 878 ὑμῖν
1382 816 1579 881 νομίζων
1605 822 1762 876 Ρσυμ-

237 898 395 967 φέρειν
421 898 504 952 τὰς
534 898 664 965 παρὰ
692 904 788 952 τοῖς
824 899 915 966 ἔξω
949 900 1230 964 γιγνομένας
1264 898 1554 961 ἐπιτιμήσεις
1588 898 1767 959 εἰδέναι,

235 987 408 1052 πολλῷ
458 983 811 1049 προθυμότερον
860 982 979 1048 πρὸς
1030 981 1084 1033 τὸ
1135 984 1324 1051 πέμψαι
1375 981 1461 1045 τὴν
1505 982 1768 1046 ἐπιστολὴν

236 1067 396 1134 ἔσχον.
455 1073 772 1133 παραιτοῦμαι
814 1067 862 1117 δὲ
906 1065 1014 1120 τοὺς
1059 1067 1152 1135 ἰδίᾳ
1195 1066 1314 1133 πρὸς
1358 1068 1530 1116 ἐκεῖνον
1574 1066 1767 1133 ἔχοντας
1781 1093 1822 1115 20

237 1151 498 1214 δυσκόλως,
527 1154 769 1214 ὑπομεῖναι
802 1154 987 1216 τάληθῆ
1023 1156 1098 1203 καὶ
1132 1151 1192 1202 τὰ
1224 1152 1377 1202 δίκαια
1409 1149 1592 1201 ἀκούειν
1618 1152 1769 1216 (ῑὺπὲρ

238 1237 394 1288 αὐτοῦ.
447 1237 496 1286 εὖ
529 1235 622 1302 γὰρ
658 1237 774 1298 ἰ’στε,
805 1233 842 1286 ὦ
876 1236 1040 1303 ἄνδρες
1071 1238 1329 1300 Ἀθηναῖοι,
1367 1235 1436 1285 ὅτι
1474 1240 1556 1285 νῦν
1589 1237 1639 1286 ἐκ
1673 1240 1770 1285 τῶν

239 1323 345 1387 περὶ
376 1320 483 1374 τοὺς
514 1325 684 1375 παῖδας
710 1323 853 1372 αὐτοῦ
879 1321 1200 1387 γεγενημένων
1227 1320 1419 1388 φαύλην
1446 1318 1592 1387 δόξαν
1617 1320 1645 1382 ἡ
1672 1319 1762 1370 πό-

203 1412 316 1459 6λις
343 1405 590 1469 λαμβάνει.
642 1407 788 1459 οὐδεὶς
813 1405 907 1472 γὰρ
933 1411 1028 1456 τῶν
1053 1405 1308 1469 Ἑλλήνων
1334 1407 1498 1470 ἀγνοεῖ
1520 1404 1591 1455 ὅτι
1617 1404 1767 1471 ζῶντα
1783 1430 1820 1459 25

242 1494 519 1555 Λυκοῦργον
554 1492 730 1552 ἐτιμᾶθ’
764 1492 890 1552 ὑμεῖς
923 1495 984 1543 εἷς
1021 1489 1308 1556 ὑπερβολὴν,
1344 1491 1419 1539 καὶ
1455 1494 1656 1540 πολλῶν
1691 1493 1763 1539 αὶ-

238 1578 351 1625 τιῶν
389 1576 729 1641 ἐπενεχθεισῶν
775 1574 866 1624 ὑπὸ
903 1579 998 1624 τῶν
1038 1573 1343 1641 φθονούντων
1381 1575 1507 1640 αὐτῷ
1553 1574 1772 1636 οὐδεμίαν

239 1658 422 1709 πώποθ’
451 1659 592 1724 εὕρετ’
621 1660 791 1722 ἀληθῆ,
820 1660 942 1709 οὕτω
975 1659 1011 1707 δ’
1042 1657 1295 1709 ἐπιστεύετ’
1326 1658 1452 1725 αὐτῷ
1478 1659 1553 1706 καὶ
1581 1660 1770 1720 δημοτι-

241 1742 323 1793 κὸν
347 1741 478 1808 παρὰ
503 1741 684 1795 πάντας
709 1743 916 1807 ἡγεῖσθε,
944 1740 1067 1792 ὥστε
1099 1740 1267 1792 πολλὰ
1293 1745 1388 1791 τῶν
1415 1742 1604 1791 δικαίων
1629 1743 1677 1791 ἐν
1703 1745 1770 1809 τῷ

242 1829 399 1894 φῆσαι
426 1829 703 1891 Λυκοῦργον
733 1827 931 1892 ἐκρίνετε
965 1828 1041 1876 καὶ
1072 1827 1198 1876 τοῦθ’
1228 1827 1333 1885 ὑμῖν
1359 1824 1554 1892 ἐξήρκει’
1595 1826 1648 1874 οὐ
1674 1824 1768 1890 γὰρ
1789 1840 1897 1891 1476

208 1908 330 1973 7Γῆν
363 1926 387 1950 *
411 1926 434 1950 *
458 1926 481 1950 ἢκ
508 1916 718 1960 τοιοῦτον
756 1909 821 1973 μὴ
861 1912 1027 1960 δοκοῦν
1068 1911 1189 1972 ὑμῖν.
1254 1915 1335 1960 νῦν
1373 1911 1528 1959 τοίνυν
1568 1909 1769 1962 ἅπαντες

242 1994 488 2047 ἀκούοντες
532 1993 639 2046 τοὺς
684 1998 791 2046 υἱεῖς
836 1995 978 2043 αὐτοῦ
1023 1993 1241 2044 δεδέσθαι
1285 1993 1367 2043 τὸν
1411 1993 1495 2056 μὲν
1537 1997 1769 2043 τεθνεῶτα

241 2080 443 2140 ἐλεοῦσι,
471 2082 567 2130 τοῖς
601 2079 739 2128 παισὶ
773 2078 812 2126 δ’
842 2081 904 2131 ὡς
939 2077 1108 2146 ἀνάξια
1146 2076 1395 2144 πάσχουσι
1433 2076 1800 2143 συνάχθονται,5

245 2163 352 2224 ὑμῖν
390 2163 431 2211 δ’
472 2163 721 2224 ἐπιτιμῶσι
761 2166 951 2227 πικρῶς,
992 2165 1054 2215 ὡς
1093 2163 1175 2212 οὐκ
1214 2160 1272 2211 ἂν
1310 2161 1605 2224 τολμήσαιμι
1643 2160 1762 2226 γρά-

245 2249 351 2313 φειν
395 2244 499 2309 ἐγώ·
551 2243 582 2294 ἃ
626 2244 720 2310 γὰρ
766 2245 971 2313 ἄχθομαι
1023 2251 1116 2298 τοῖς
1163 2246 1359 2310 λέγουσι
1412 2246 1486 2294 καὶ
1538 2243 1768 2309 ἀντιλέγω

244 2333 349 2379 καθ’
377 2328 494 2379 ὅσον
526 2328 725 2391 δύναμαι
757 2334 947 2393 βοηθῶν
982 2331 1101 2391 ὑμῖν,
1128 2335 1276 2379 ταῦτα
1310 2329 1419 2395 ἄχρι
1456 2327 1540 2390 μὲν
1573 2333 1656 2378 τοῦ
1689 2330 1768 2390 δῆ-

244 2420 332 2463 λον
369 2414 475 2475 ὑμῖν
508 2416 706 2475 ποιῆσαι
745 2413 814 2463 ὅτι
853 2415 1031 2464 πολλοὶ
1064 2413 1342 2480 μέμφονται,
1369 2413 1630 2480 συμφέρειν
1664 2413 1769 2474 ὑμῖν

247 2496 443 2561 νομίζων
481 2496 658 2557 εἰδέναι,
693 2497 1164 2564 γε’γραφαχάκριβῶς
1204 2495 1252 2547 δὲ
1292 2496 1506 2564 διεξιέναι
1545 2494 1825 2562 δυσχερέςιο

212 2581 402 2646 8κρίνω.
468 2579 562 2630 ὅσα
612 2580 769 2642 μέντοι
817 2582 1052 2647 λοιδορίας
1097 2582 1239 2648 χωρίς
1287 2582 1418 2630 ἐστιν
1462 2578 1527 2629 ὧν
1571 2579 1775 2643 λέγουσι’

247 2686 380 2724 τινες,
413 2665 488 2713 καὶ
523 2663 768 2726 ἀκηκοέναι
803 2664 1062 2733 συμφέρειν
1090 2666 1223 2728 Ξὺμῖν
1256 2665 1474 2729 ἡγοῦμαι,
1501 2669 1649 2713 ταῦτα
1682 2665 1764 2726 δη-

248 2748 410 2798 λώσω.
468 2748 615 2799 οὐδεὶς
641 2746 733 2812 γὰρ
762 2749 1020 2815 ὑπείληφεν
1052 2751 1112 2801 ὡς
1148 2748 1240 2813 ἄρα
1271 2746 1529 2812 ἠγνοήκατε
1566 2748 1641 2795 καὶ
1674 2749 1765 2796 διε-

303 2910 322 2937 P
343 2903 533 2947 συμφέρειν
552 2903 700 2937 codices.
731 2904 918 2948 ξυμφέρειν
937 2905 1054 2949 vulgo.
1135 2912 1153 2939 (ι
1176 2904 1278 2949 ὑπὲρ]
1304 2904 1381 2948 περὶ
1401 2908 1427 2935 t.
1513 2907 1527 2925 ¹‘
1548 2900 1587 2944 ἧν
1609 2902 1643 2936 S.
1673 2900 1713 2934 ἂν
1733 2899 1772 2943 ἦν

249 2958 294 2996 Q.
329 2955 367 2991 ἂν
389 2956 440 2989 καὶ
462 2955 532 2991 Β.1;.
555 2962 589 2990 et
609 2957 726 2999 vulgo.
763 2957 880 2990 Verba
900 2968 970 2991 non
992 2957 1139 3002 integra.
1186 2957 1339 2990 Iudicavi
1360 2957 1534 2989 lacunam.
1659 2960 1673 2978 s
1696 2954 1772 2997 ὑμῖν

250 3023 320 3045 om.
343 3010 387 3048 Q.
