2009 3286
70 260 254 304 —1307‚
272 268 302 291 4.
681 251 825 289 ΠΡΟΣ
859 250 1231 288 ΕΎΒΟΎἋῘΔΗΝ.
1607 244 1720 288 1829

198 387 290 417 σας
325 368 572 429 συγγενεῖς
607 361 774 416 αὐτοὺς
805 363 970 413 ἑαυτοῦ
1002 360 1207 430 φάσκειν
1232 359 1360 422 εἶναι,
1387 358 1536 426 λόγον
1562 358 1580 386 ⁸
1599 357 1721 426 εἶχεν

200 449 412 516 ὑποψίαν
440 449 522 498 τιν’
552 446 673 514 ε”χειν
704 448 766 499 ὡς
799 447 881 496 οὐκ
907 444 964 509 ἧν
990 445 1154 498 ἀστός·
1198 449 1236 495 εὶ
1267 443 1315 495 δὲ
1347 445 1490 508 πένης
1524 442 1590 494 ὧν
1624 442 1721 506 ἅμα

568 529 868 597 1παρέσχετο
912 528 1020 583 τοὺς
1064 527 1231 582 αὐτοὺς
1273 530 1348 579 καὶ
1388 526 1722 592 μεταδιδόντας

199 536 443 597 συγγενεῖς
481 553 531 582 τε

198 619 293 665 τῶν
319 614 468 665 ὄντων
492 615 805 676 ωέπεδείκνυε,
836 617 937 666 πῶς
973 615 1055 663 οὐκ
1091 614 1290 677 εὔδηλον
1323 612 1394 663 ὅτι
1432 615 1490 679 τῇ
1524 611 1722 678 ἀληθείᾳ
1738 627 1777 650 10

198 699 428 767 προσήκει
472 699 688 761 τούτοις;
738 700 790 749 οὐ
829 697 923 764 γὰρ
962 696 1020 748 ἂν
1059 696 1223 761 δήπου,
1262 696 1340 747 “ε’ί
1373 719 1428 762 γε
1466 697 1626 759 μηδενὶ
1666 693 1724 759 ἧν

200 788 376 845 οἰκεῖος,
427 782 627 851 χρήματ’
681 783 806 852 αὐτῷ
862 781 1195 848 προστιθέντες
1248 781 1374 831 οὗτοι
1427 785 1510 831 τοῦ
1561 778 1725 844 γε’νους

199 869 520 933 μετεδίδοσαν.
571 868 680 918 ἀλλ’
709 866 781 931 ἦν,
815 869 877 920 ὡς
909 867 964 917 τό
997 889 1046 917 τε
1082 865 1222 932 ἔργον
1255 864 1469 928 ἐδήλωσε
1506 865 1581 914 καὶ
1617 864 1725 925 ὑμῖν

199 952 563 1019 μεμαρτύρηται.
627 951 692 1002 ε”τι
742 952 898 1002 τοίνυν
939 949 1090 1017 ἀρχὰς
1133 949 1274 1016 ε”λαχε
1321 950 1396 1000 καὶ
1440 947 1556 1016 ἦρξε
1601 949 1726 997 δοκι-

201 1038 416 1101 μασθείς.
470 1037 549 1087 καί
571 1058 649 1100 μοι
677 1035 799 1097 λαβὲ
826 1034 912 1099 τὴν
937 1033 1214 1100 μαρτυρίαν.
1742 1043 1778 1075 ¹5

813 1146 1121 1187 ΜΑΡΊὝΡΙΑ.

134 1246 190 1289 30
278 1232 446 1285 Οἵεταί
475 1255 544 1286 τις
577 1232 659 1283 οὖν
692 1233 820 1295 ὑμῶν
854 1230 996 1281 ἐᾶσαί
1024 1233 1131 1280 ποτ’
1160 1226 1218 1278 ἂν
1243 1226 1350 1280 τοὺς
1378 1224 1583 1290 δημότας
1608 1226 1723 1276 ἐκεῖ·

203 1341 284 1369 νον
314 1317 485 1386 οξένον
520 1318 596 1367 καὶ
635 1315 699 1380 μὴ
734 1317 938 1379 πολίτην
971 1315 1132 1381 ἄρχειν
1169 1317 1282 1379 παρ’
1311 1313 1479 1373 αὐτοῖς,
1510 1311 1620 1361 ἀλλ’
1646 1311 1730 1361 οὐκ

203 1401 260 1453 ἂν
306 1406 617 1467 κατηγορεῖν;
673 1401 727 1451 οὐ
775 1401 931 1451 τοίνυν
982 1396 1310 1462 κατηγόρησεν
1360 1395 1463 1446 οὐδὲ
1511 1394 1588 1457 εἷς,
1634 1395 1727 1445 οὐδ’

201 1485 450 1555 ᾐτιάσατο.
512 1484 641 1535 ἀλλά
683 1484 777 1548 μὴν
822 1486 897 1535 καὶ
938 1482 1249 1551 διαψηφίσεις
1287 1481 1344 1549 ἐξ
1378 1479 1586 1546 ἀνάγκης
1624 1479 1723 1545 ε’γε’-
1744 1497 1786 1518 ²0

204 1593 340 1621 νοντο
373 1574 469 1623 τοῖς
500 1566 723 1632 δημόταις
755 1566 968 1631 ὁμόσασι
1000 1569 1105 1617 καθ’
1134 1569 1280 1631 ἱερῶν,
1309 1564 1377 1615 ὅτ’
1404 1565 1623 1616 ἀπώλετο
1649 1565 1732 1614 αὑ-

203 1658 299 1706 τοῖς
334 1650 388 1702 τὸ
423 1649 734 1719 ληξιαρχικὸν
766 1653 1087 1717 γραμματεῖον
1122 1650 1476 1715 δημαρχοῦντος
1508 1647 1729 1715 Ἀντιφί-

204 1742 293 1786 λου
340 1741 423 1786 τοῦ
468 1734 647 1801 πατρὸς
691 1741 775 1785 τοῦ
821 1734 1132 1794 Εὐβουλίδου,
1179 1733 1260 1782 καί
1301 1755 1427 1784 τινας
1473 1730 1735 1795 ἀπήλασαν

205 1821 374 1870 αὑτῶν·
421 1822 525 1886 περὶ
565 1821 737 1870 ἐκείνου
776 1822 816 1870 δ’
854 1820 1001 1871 οὐδεὶς
1038 1819 1134 1869 οὔτ’
1171 1816 1297 1868 εἶπεν
1335 1818 1432 1867 οὔτ’
1464 1814 1734 1884 Ρῄτιάσατο

206 1911 417 1955 τοιοῦτον
449 1904 594 1955 οὐδέν.
646 1905 796 1955 καίτοι
829 1904 980 1955 πᾶσίν
1007 1904 1169 1953 Ἶέστιν
1195 1902 1458 1969 ἀνθρώποις
1489 1902 1624 1954 τέλος
1650 1905 1733 1951 τοῦ
1747 1916 1785 1949 ²5

139 2010 190 2052 31
208 1989 315 2051 βίου
349 1987 562 2051 θάνατος,
599 1990 675 2038 καὶ
713 1990 819 2054 περὶ
858 1986 922 2038 ὧν
959 1986 1046 2051 μὲν
1085 1986 1142 2038 ἄν
1174 2010 1243 2040 τις
1277 1987 1367 2053 ζῶν
1405 1986 1557 2036 αἰτίαν
1588 1989 1734 2052 ι’σχῇ,

209 2074 386 2124 δίκαιον
436 2071 545 2126 τοὺς
595 2076 765 2125 παῖδας
814 2071 900 2135 τὴν
949 2071 1192 2137 ἀειλογίαν
1236 2070 1468 2138 παρέχειν·
1520 2071 1625 2136 περὶ
1669 2067 1735 2120 ὧν

209 2160 246 2209 δ’
289 2156 345 2208 ἀν
391 2159 547 2221 μηδεὶς
589 2156 730 2208 αὑτὸν
769 2157 919 2223 ζῶντα
958 2155 1362 2219 εἕκαταιτιάσηται,
1401 2159 1500 2208 πῶς
1542 2155 1594 2205 οὐ
1636 2156 1728 2204 δει-

209 2241 290 2292 νὸν
325 2246 362 2292 εὶ
400 2241 506 2296 τοὺς
546 2244 716 2294 παῖδας
752 2241 776 2290 ὁ
810 2239 1102 2304 βουλόμενος
1135 2241 1339 2307 ικρινεῖ;
1387 2243 1424 2290 εὶ
1462 2238 1547 2302 μὲν
1578 2238 1735 2289 τοίνυν

207 2328 313 2391 περὶ
349 2325 527 2376 τούτων
566 2327 724 2389 μηδεὶς
759 2322 904 2390 λόγος
940 2322 1197 2392 ἐξητάσθη,
1225 2326 1378 2387 δῶμεν
1409 2329 1547 2374 τοῦτο
1582 2329 1727 2387 λελη-
1749 2336 1856 2383 1307

210 2409 350 2461 θέναι·
392 2413 428 2459 εὶ
461 2412 501 2459 δ’
529 2408 666 2473 ἐδόθη
700 2410 775 2459 καὶ
813 2409 1166 2476 διεψηφίσαντο
1207 2409 1283 2458 καὶ
1323 2406 1469 2472 μηδὲν
1502 2406 1735 2475 ᾐτιάσατο

209 2492 401 2543 πώποτε
450 2494 624 2556 μηδεὶς,
669 2496 770 2545 πῶς
815 2492 868 2541 οὑ
918 2492 1103 2544 δικαίως
1148 2490 1205 2541 ἂν
1248 2490 1378 2556 Πέγὼ
1424 2492 1522 2541 κατ’
1564 2492 1737 2541 ἐκεῖνον

210 2578 461 2640 Ἀθηναῖος
503 2576 599 2639 ε’ίην
636 2573 719 2626 τὸν
763 2574 1118 2639 τελευτήσαντα
1159 2576 1272 2641 πρὶν
1310 2577 1737 2643 ἀμφισβητηθῆναι

268 2764 286 2791 k
310 2763 417 2811 εἶχεν]
443 2762 534 2810 εἶχεν
553 2765 593 2799 ἂν
614 2767 821 2802 Schaeferus.
916 2763 925 2792 Ῑ
945 2765 1159 2812 παρέσχετο]
1182 2766 1366 2811 παρείχετο
1386 2767 1462 2801 Am.
1557 2770 1586 2789 ΥΠ
1608 2763 1737 2798 ἐπεδεί-

214 2820 308 2866 κνυε]
333 2819 526 2853 ἀπεδείκνυε
546 2832 573 2853 r.
643 2826 661 2844 Π
683 2819 715 2854 εἴ
730 2821 786 2866 γε]
811 2821 876 2854 ειδε
899 2821 934 2854 S.
1001 2826 1019 2845 ⁰
1040 2820 1153 2866 ξένον]
1174 2821 1233 2854 τὸν
1254 2821 1350 2864 ξένον
1368 2820 1440 2853 A.r.
1511 2824 1529 2851 Ρ
1549 2817 1734 2863 Ιἠτιιὶσιιτο]

214 2875 351 2907 πώποτε
371 2873 485 2916 μηδεὶς
500 2873 595 2907 addit
611 2873 666 2913 A.,
685 2874 745 2907 sed
762 2874 900 2919 punctis
922 2879 1053 2907 notata.
1084 2873 1267 2907 Aberravit
1283 2873 1442 2906 librarius
1464 2872 1506 2905 ad
1526 2884 1560 2916 p.
1579 2881 1688 2916 1307,
1702 2881 1736 2905 2.

216 2933 235 2959 ⁴1
257 2926 354 2959 ἐστιν
373 2938 443 2961 om.
465 2938 493 2960 r.
576 2932 591 2951 Γ
612 2929 681 2972 σχῇ
702 2927 883 2973 Taylorus.
915 2927 1117 2973 Legebatur
1136 2929 1205 2971 σχῇ
1224 2928 1299 2969 (ἔχῃ
1321 2926 1411 2969 Am.)
1432 2925 1507 2969 περὶ
1528 2925 1589 2957 τοῦ
1608 2923 1738 2969 γένους.

218 2986 232 3003 s
253 2979 525 3023 καταιτιάσηται]
550 2981 603 3013 καὶ
622 2980 813 3025 αἰτιάσηται
834 2982 908 3015 A‚r.
1018 2979 1031 3005 t
1052 2981 1154 3025 κρινεῖ
1176 2980 1369 3014 Bekkerus.
1403 2978 1602 3023 Legebatur
1623 2977 1739 3024 κρίνει.

219 3038 238 3057 ¹¹
259 3030 341 3078 ἐγὼ]
364 3033 470 3078 ἔγωγε
491 3034 563 3067 As.
