2009 3286
241 173 354 216 1474
767 175 1232 232 [ΔΗΜΟΣΘΕΝΟΎΣ]
1611 192 1650 231 p.
1675 187 1797 231 1450,
1813 189 1890 215 6—-

239 288 316 338 καὶ
342 293 553 355 συνεχῶς
580 288 694 355 ὑπὲρ
720 293 815 340 τῶν
839 290 1129 357 ὀλιγαρχιῶν
1159 291 1548 354 πολιτευομένους
1576 292 1650 340 καὶ
1683 295 1765 340 νῦν

238 376 386 421 ταῦτα
429 377 678 426 ποιοῦντας
716 373 1069 441 ἐξελέγχεσθαι.
1133 376 1243 424 ἀλλ’
1285 377 1428 425 ἐκεῖνο
1472 379 1663 438 μᾶλλον
1707 374 1766 423 ἄν

238 476 308 507 τις
343 453 528 509 εἰκότως
565 456 819 520 θαυμάσαι,
851 457 905 508 τὸ
941 457 1047 512 τοὺς
1083 459 1261 512 εἰδότας
1298 460 1415 521 ὑμᾶς
1449 464 1597 508 ταῦτα
1633 465 1758 508 πολ-

237 537 373 591 λάκις
402 540 531 603 ἥδιον
565 540 743 591 τούτων
778 541 960 592 ἀκούειν
991 540 1020 605 ἢ
1053 546 1147 592 τῶν
1179 541 1293 608 ὑπὲρ
1320 540 1475 605 Ῐὺμῶν
1500 540 1756 606 λεγόντων.
1779 564 1817 584 10

237 621 355 676 ἴσως
388 622 473 687 μὲν
505 625 586 675 οὖν
617 622 781 692 ὥσπερ
812 626 905 676 οὐδ’
936 626 1028 694 ἰδία
1058 623 1220 693 ῥᾴδιόν
1255 627 1386 676 ἐστιν
1418 623 1583 676 ἅπαντ’
1614 626 1765 690 ὀρθῶς

236 707 472 774 πράττειν,
513 711 659 763 οὕτως
697 710 802 760 οὐδὲ
840 714 987 777 κοινῇ·
1037 712 1147 760 ἀλλ’
1182 711 1236 760 οὐ
1276 709 1332 774 δὴ
1371 710 1429 761 τὰ
1467 709 1674 774 μέγιστά
1710 732 1765 775 γε

236 789 330 857 χρὴ
374 796 602 857 παρορᾶν.
666 791 727 842 τὰ
772 792 857 856 μὲν
902 794 984 842 οὖν
1030 792 1162 842 ἄλλα
1210 792 1345 844 πάντ’
1390 794 1520 843 ἐστὶν
1563 793 1761 843 ἐλάττω·

237 873 350 925 ὅταν
385 876 422 924 δ’
460 874 575 941 ὑπὲρ
609 874 885 929 ι(πολιτείας
924 878 1000 926 καὶ
1039 880 1250 945 σφαγῶν
1288 879 1363 927 καὶ
1397 875 1575 940 1δήμου
1613 899 1761 927 κατα-

235 956 422 1012 λύσεως
455 959 655 1025 εὐχερῶς
690 959 901 1024 ἀκούητε,
935 964 1037 1013 πῶς
1075 961 1159 1010 οὐκ
1198 961 1290 1029 ἔξω
1326 959 1417 1028 χρὴ
1453 966 1536 1011 τοῦ
1571 964 1813 1027 φρονεῖνι5

236 1042 355 1105 ὑμᾶς
389 1040 556 1096 αὐτοὺς
587 1044 840 1109 ἡγεῖσθαι,
884 1047 926 1094 οἱ
959 1043 1045 1108 μὲν
1070 1043 1164 1110 γὰρ
1193 1044 1336 1094 ἄλλοι
1370 1043 1542 1097 πάντες
1572 1043 1759 1109 ἄνθρω-

233 1148 315 1177 ποι
359 1131 455 1179 τοῖς
497 1127 665 1193 ἑτέρων
708 1129 1062 1193 παραδείγμασι
1108 1129 1340 1195 χρώμενοι
1382 1132 1575 1192 μᾶλλον
1617 1129 1760 1179 εὐλα-

232 1214 331 1270 βεῖς
364 1211 494 1261 αὐτοὶ
527 1211 783 1276 γίγνονται·
824 1213 951 1275 ὑμεῖς
984 1211 1033 1262 δὲ
1066 1212 1170 1263 οὐδὲ
1206 1211 1266 1263 τὰ
1297 1217 1393 1266 τοῖς
1428 1212 1598 1265 ἄλλοις
1630 1235 1759 1275 συμ-

233 1294 460 1354 βαίνοντα
495 1293 740 1348 ἀκούοντες
775 1298 1047 1363 φοβηθῆναι
1082 1296 1301 1357 δύνασθε,
1330 1296 1439 1345 ἀλλ’
1471 1295 1501 1345 ἃ
1529 1295 1636 1349 τοὺς
1670 1297 1761 1364 ἰδίᾳ
1775 1318 1815 1341 20

233 1378 562 1444 περιμένοντας
601 1379 884 1446 ἀβελτέρους
924 1380 1140 1446 νομίζετε,
1179 1381 1306 1430 ταῦτ’
1345 1380 1474 1430 αὐτοὶ
1512 1381 1763 1448 ιῃδημοσία

234 1468 344 1524 1[Ἂμοι
370 1464 543 1512 δοκεῖτε
571 1464 814 1525 ἀναμένειν
841 1463 1102 1517 Οπαθόντες
1127 1464 1422 1514 Ραῖσθέσθαι.

943 1563 1056 1611 ΜΓ.

311 1643 480 1695 Οὐδεὶς
517 1641 709 1692 πώποτε
746 1641 864 1695 ’ίσως
903 1644 1032 1705 ὑμῶν
1069 1642 1304 1707 ἐζήτησεν,
1340 1640 1377 1692 cf)
1417 1642 1582 1707 ἄνδρες
1617 1645 1763 1706 Ἀθη-

236 1731 366 1788 ναῖοι,
404 1728 453 1777 τί
487 1726 660 1790 δήποτε
698 1731 739 1777 οἱ
780 1731 933 1780 κακῶς
971 1726 1257 1793 πράττοντες
1296 1728 1485 1791 ἄμεινον
1522 1731 1628 1793 περὶ
1665 1732 1760 1779 τῶν
1774 1749 1811 1781 25

233 1809 529 1876 πραγμάτων
578 1815 673 1861 τῶν
725 1811 773 1861 εὖ
822 1810 1129 1878 πραττόντων
1179 1810 1501 1871 βουλεύονται.
1570 1811 1673 1862 ε”στι
1718 1815 1759 1862 δ’

234 1895 322 1960 οὐχ
347 1893 568 1959 ἑτέρωθέν
595 1898 774 1944 Ἷποθεν
804 1899 944 1944 τοῦτο
977 1895 1271 1959 γιγνόμενον,
1302 1896 1411 1945 ἀλλ’
1441 1894 1511 1945 ὅτι
1546 1896 1756 1958 συμβαί-

235 2000 300 2027 νει
335 1982 431 2031 τοῖς
467 1976 553 2041 μὲν
591 1977 706 2041 μήτε
747 1982 1006 2046 φοβεῖσθαι
1041 1979 1186 2042 μηδὲν
1212 1978 1345 2043 ι’μήθ’
1375 1977 1405 2029 ἅ
1435 2002 1504 2033 τις
1541 1978 1599 2030 ἂν
1631 1980 1763 2045 λέγοι

235 2060 361 2112 δεινὰ
386 2061 674 2128 προσήκονθ’
704 2064 859 2115 αὑτοῖς
885 2062 1120 2127 ἡγεῖσθαι·
1162 2062 1269 2116 τοὺς
1301 2062 1349 2113 δὲ
1379 2063 1591 2126 πλησίον
1623 2062 1762 2116 ὄντας

234 2149 329 2194 τῶν
364 2144 727 2211 ἁμαρτημάτων,
766 2144 878 2195 ὅταν
913 2149 975 2198 εἰς
1008 2146 1062 2196 τὸ
1099 2150 1251 2198 κακῶς
1289 2145 1510 2210 πράττειν
1545 2147 1754 2214 ἀφίκων-
1779 2167 1881 2207 1451

234 2251 322 2290 ται,
375 2229 632 2297 σώφρονας
680 2227 800 2295 πρὸς
850 2228 909 2279 τὰ
960 2228 1108 2279 λοιπὰ
1158 2231 1234 2279 καὶ
1284 2230 1497 2294 μετρίους
1547 2229 1757 2295 παρέχει.

235 2313 508 2362 σπουδαίων
555 2314 711 2362 τοίνυν
762 2314 894 2362 ἐστὶν
939 2312 1216 2378 ἀνθρώπων,
1264 2312 1378 2362 ὅταν
1422 2314 1657 2379 βελτίστῃ
1702 2317 1760 2379 τῇ

234 2396 456 2461 παρούσῃ
483 2395 601 2461 τύχῃ
629 2399 846 2460 χρῶνται,
874 2394 979 2445 τότε
1010 2395 1159 2445 πλείω
1197 2394 1281 2458 τὴν
1312 2394 1528 2458 σπουδὴν
1560 2395 1678 2460 πρὸς
1705 2395 1758 2445 τὸ

235 2481 503 2545 σωφρονεῖν
535 2477 667 2543 ἔχειν·
708 2478 839 2527 οὐδὲν
865 2477 958 2543 γὰρ
985 2479 1088 2528 οὕτε
1122 2478 1494 2546 φυλαττομένοις
1520 2479 1640 2528 οὕτω
1668 2481 1786 2532 δει-5

237 2560 317 2610 νὸν
360 2558 473 2610 ὥστ’
515 2560 792 2628 ἀφύλακτον
835 2558 962 2623 εἶναι,
1002 2561 1105 2610 οὕτε
1152 2562 1468 2627 ὀλιγωροῦσιν
1508 2560 1751 2626 ἀπροσδό-

235 2666 377 2708 κητον
414 2647 593 2693 παθεῖν.
647 2643 771 2707 λέγω
807 2641 856 2693 δὲ
894 2649 1042 2693 ταῦτα
1080 2645 1167 2711 οὐχ
1204 2645 1279 2694 ἵνα
1317 2644 1403 2707 τὴν
1442 2644 1605 2697 ἄλλως
1641 2645 1757 2706 ὑμᾶς

1476 2798 1510 2817 Ου

291 2819 300 2846 5
323 2821 432 2867 ὑμῶν]
459 2821 549 2865 ἡμῶν
571 2821 616 2857 Ο.
692 2818 712 2846 k
733 2821 923 2867 πολιτείας]
947 2822 1090 2857 πολίτας
1109 2835 1142 2858 v,
1223 2820 1232 2849 l
1254 2821 1378 2867 δήμου]
1405 2821 1517 2865 δήμων
1532 2822 1574 2856 Y.
1651 2827 1680 2846 ¹1¹
1699 2836 1757 2866 μοι

237 2875 385 2918 δημοσίᾳ
405 2889 461 2918 μοι
478 2875 522 2910 Y.
595 2881 613 2898 n
633 2889 691 2919 μοι
712 2887 799 2910 am.
821 2887 872 2920 pr.
894 2875 1063 2909 inscrtum
1084 2876 1118 2909 in
1142 2877 1177 2910 S.
1241 2881 1259 2899 ⁰
1279 2875 1460 2920 παθόντες]
1485 2875 1692 2920 παραθόντες
1712 2874 1757 2913 Q.

238 2933 258 2960 Ρ
283 2928 483 2973 αἰσθέσθαι]
513 2926 696 2962 αἵσθεσθαι
716 2940 747 2962 v.
784 2928 949 2962 ἐσθέσθαι
975 2941 1026 2973 pr.
1050 2929 1084 2962 S.
1224 2935 1241 2961 q
1266 2927 1385 2973 ποθεν]
1414 2942 1496 2961 ποτε
1524 2933 1700 2962 correctus
1725 2940 1755 2962 v.

239 2985 253 3004 Γ
272 2979 368 3025 μήθ’]
392 2980 468 3023 μηδ’
490 2981 616 3019 F.S..Q
