2009 3286
85 167 337 213 —1173,÷23.
654 161 797 199 ΚΑΤΑ
830 159 1292 198 ΟΛΎΜΠΙΟΔΩΡΟΤ.
1630 151 1743 195 1197

210 271 477 323 ἀποδώσειν
511 278 680 323 τοῦτον
715 271 769 323 τὸ
804 272 952 336 ἥμισυ
986 276 1070 321 τοῦ
1105 270 1342 336 ἀργυρίου,
1376 265 1539 331 ὥσπερ
1573 268 1649 316 καὶ
1685 264 1739 315 τὸ

145 355 440 421 αππρότερον
465 354 559 406 ἀπὸ
587 360 682 406 τῶν
717 356 886 422 χιλίων
923 357 1147 421 δραχμῶν
1174 350 1491 403 ἰοἰποδεδώκει.
1556 353 1631 399 καὶ
1667 349 1740 398 εὑ-

210 439 292 493 θῦς
327 438 441 503 Ῐμέν
479 440 532 490 οὐ
569 438 693 491 πάνυ
728 462 773 490 τι
808 438 1057 505 ἠνώχλουν
1100 436 1266 504 τούτῳ,
1305 434 1560 500 ἡγούμενος
1597 430 1739 482 αὐτὸν

209 521 378 573 1(τοῦτο
420 523 700 588 γνώσεσθαι
746 546 821 573 και
867 520 1121 585 διοικήσειν
1171 522 1247 571 καὶ
1297 521 1399 583 ἐμοὶ
1450 519 1526 567 καὶ
1577 517 1791 583 ἑαυτῲ,’5

211 605 338 659 ὅπως
377 606 591 673 ἑκάτερος
626 607 758 670 ἡμῶν
785 606 878 674 ἕξει
904 604 963 656 τὰ
990 605 1144 655 δίκαια
1175 602 1295 654 κατὰ
1320 625 1428 655 τους
1465 601 1630 666 ὅρκους
1666 600 1741 648 καὶ

210 690 295 743 τὰς
330 690 571 754 συνθήκας
605 690 689 744 τὰς
724 713 844 755 προς
876 690 996 753 ημᾶς
1027 711 1193 740 αυτ-ους
1226 709 1331 752 περι
1366 690 1449 735 τοῦ
1485 687 1743 748 ισομοιρεῖν

212 772 435 825 ἁπάντων
462 772 528 824 ὧν
556 774 728 825 Κόνων
752 773 810 838 ἧν
837 771 1209 825 καταλελοιπώς·
1247 769 1403 833 ἐπειδὴ
1430 769 1468 819 δ’
1494 767 1743 833 ἐνδιέτριβε

212 859 288 908 καὶ
334 857 465 908 οὐδὲν
510 859 665 920 ἐποίει,
705 857 987 922 διελεγόμην
1031 856 1181 924 τούτῳ
1226 851 1622 921 Ὀλυμπιοδώρῳ,
1668 852 1743 901 καὶ

147 962 197 1004 23
213 941 375 1009 ἠξίουν
401 941 761 1006 ἀπολαμβάνειν
788 939 842 992 τὸ
869 943 1070 1004 ἐμαυτοῦ
1097 940 1236 1006 μέρος
1262 944 1345 989 τοῦ
1371 937 1609 1003 ἀργυρίου.
1659 936 1740 985 οὑ·
1762 950 1866 992 1173

212 1027 320 1075 τοσὶ
356 1027 394 1075 δ’
433 1025 829 1091 Ὀλυμπιόδωρος
865 1026 939 1074 ἀεί
973 1047 1016 1074 τι
1055 1022 1406 1091 προύφασίζετο
1446 1022 1521 1071 καὶ
1561 1021 1742 1080 ἀναβο-

212 1109 303 1163 λάς
329 1111 539 1162 ἐποιεῖτο.
593 1113 669 1160 καὶ
696 1111 744 1160 ἐν
770 1109 921 1177 τούτῳ
953 1113 1019 1176 τῷ
1055 1111 1201 1176 καιρῷ
1237 1106 1387 1172 ἕτεροί
1417 1127 1538 1157 τινες
1570 1103 1746 1170 ἔλαχον

210 1198 294 1243 τοῦ
333 1192 513 1259 κλήρου
552 1199 635 1244 τοῦ
672 1193 907 1252 Κόνωνος,
943 1193 1018 1242 καὶ
1059 1192 1083 1240 ὁ
1124 1190 1415 1242 Κάλλιππος
1453 1186 1775 1249 ἐπεδήμησεν5

211 1278 261 1326 ἐκ
305 1280 387 1340 τῆς
432 1277 710 1340 ἀποδημίας,
758 1277 782 1326 ὁ
829 1275 937 1338 ἐμὸς
983 1274 1193 1342 ἀδελφὸς
1240 1275 1265 1324 ὁ
1313 1273 1614 1337 ὁμοπάτριος·
1671 1271 1746 1319 καὶ

147 1359 347 1419 24οὗτος
386 1360 558 1427 ε”λαχεν
597 1358 731 1413 εὐθὺς
769 1364 853 1410 τοῦ
892 1358 1188 1424 ἡμικληρίου.
1250 1359 1326 1407 καὶ
1363 1355 1514 1424 τούτῳ
1553 1358 1743 1415 Ὀλυμ-

210 1444 427 1513 πιοδώρερ
462 1442 743 1510 πρόφασις1
754 1466 831 1493 και
867 1445 984 1506 αὕτη
1020 1441 1200 1507 ἐγένετο
1234 1439 1353 1507 πρὸς
1388 1439 1442 1489 τὸ
1477 1437 1542 1502 μὴ
1574 1440 1740 1488 ἀποδι-

211 1528 341 1579 δόναι
380 1551 459 1591 μοι
500 1528 554 1579 τὸ
598 1527 837 1594 ἀργύριον,
877 1526 1033 1587 ἐπειδὴ
1077 1527 1254 1576 πολλοι
1296 1523 1422 1588 ἦσαν
1467 1546 1509 1572 οι
1554 1524 1740 1589 ἀμφισ-

211 1618 478 1674 βητουντες,
523 1635 599 1662 και
645 1613 736 1680 εφη
782 1611 955 1679 χρηναί
995 1633 1052 1673 με
1105 1613 1424 1675 Ῐῃπεριμεῖναι,
1472 1607 1555 1660 ἕως
1602 1604 1658 1655 ἂν
1704 1608 1801 1655 οἱιο

213 1699 390 1763 ἀγῶνες
428 1697 670 1762 γένωνται.
738 1698 814 1746 καὶ
859 1698 958 1759 ἐμοὶ
999 1694 1182 1759 ἀνάγκη
1222 1691 1316 1757 Πῆν
1353 1697 1501 1742 ταῦτα
1545 1713 1744 1756 συγχω-

149 1802 171 1830 2
175 1800 201 1844 5
213 1786 323 1848 ρεῖν,
351 1783 427 1831 καὶ
460 1780 794 1847 συνεχώρησα.
851 1778 970 1842 μετὰ
997 1777 1044 1828 δὲ
1074 1783 1222 1828 ταῦτα
1254 1774 1600 1838 ἐβουλευόμεθα
1627 1773 1747 1839 Οέγὼ

214 1867 290 1915 καὶ
334 1866 497 1915 οὑτοσὶ
535 1863 933 1929 Ὀλυμπιόδωρος
975 1867 1118 1929 κοινῇ,
1158 1859 1323 1927 ὥσπερ
1362 1862 1438 1910 καὶ
1478 1857 1748 1922 ὠμόσαμεν,

215 1947 373 1998 ὅντινα
418 1946 596 2014 τρόπον
643 1947 818 2012 ἄριστα
864 1948 941 1996 καὶ
986 1945 1342 2013 ἀσφαλέστατα
1384 1942 1748 2009 προσοισόμεθα

214 2032 333 2098 πρὸς
372 2032 479 2085 τοὺς
518 2034 959 2100 ἀμφισβητοῦντας.
1022 2032 1098 2079 καὶ
1144 2028 1303 2096 ἔδοξεν
1344 2028 1466 2091 ἡμῖν,
1506 2024 1542 2076 ὦ
1584 2025 1799 2091 ἄνδρεςι5

216 2117 451 2178 δικασταὶ,
485 2116 669 2165 τουτονὶ
707 2113 792 2176 μὲν
828 2110 1228 2176 Ὀλυμπιόδωρον
1262 2114 1345 2160 τοῦ
1384 2106 1563 2174 κλήρου
1597 2114 1615 2141 ¹³
1633 2105 1748 2156 ὅλου

216 2202 553 2297 ἀμφισβητεῖν,
596 2196 674 2260 ἐμε
720 2195 768 2247 δε
813 2201 896 2246 τοῦ
942 2194 1236 2260 ἡμικληρίου,
1282 2190 1437 2255 ἐπειδὴ
1482 2193 1557 2242 καὶ
1604 2189 1745 2241 Κάλ-

216 2290 393 2336 λιππος
421 2306 446 2333 ο
474 2281 729 2350 ἀδελφὸς(1
744 2282 769 2331 ὁ
807 2279 915 2343 ἐμος
949 2285 1032 2330 τοῦ
1069 2278 1349 2344 ἡμικληρίου
1384 2276 1530 2339 μόνον
1564 2277 1749 2376 ημφισ-

153 2381 204 2419 26
217 2367 366 2431 βήτει.
423 2368 498 2416 καὶ
530 2364 685 2429 ἐπειδὴ
713 2365 1029 2431 ἀνεκρίθησαν
1063 2386 1181 2429 προς
1216 2367 1283 2413 τῶ
1318 2361 1512 2428 ἄρχοντι
1538 2358 1801 2410 ἅπασαιεο

218 2474 265 2500 αι
304 2448 693 2516 ἀμφισβητήσεις
733 2471 807 2498 και
848 2448 936 2498 ἐδει
975 2414 1288 2513 ἀγωνίζεσθάι
1326 2447 1374 2495 ἐν
1410 2448 1477 2513 τῷ
1515 2446 1740 2506 δικαστη-

218 2535 317 2603 ρίῳ,
350 2532 672 2599 ἀπαράσκευοι
706 2532 822 2596 ἦμεν
858 2531 912 2582 τὸ
949 2531 1176 2598 παράπαν
1210 2529 1330 2596 πρὸς
1365 2527 1419 2579 τὸ
1455 2528 1544 2592 ἤδη
1579 2527 1749 2591 ἀγωνί-

220 2617 383 2682 ζεσθαι
427 2615 519 2682 ἐγὼ
559 2618 635 2666 καὶ
674 2614 1068 2680 Ὀλυμπιόδωρος
1113 2614 1277 2663 οὑτοσὶ
1316 2610 1392 2662 διὰ
1429 2609 1484 2661 τὸ
1524 2609 1749 2677 ἐξαίφνης

275 2753 284 2780 i
314 2756 370 2789 ἀπ
373 2754 538 2801 ιδεδώκει]
578 2754 779 2799 Legebatm·
807 2753 1009 2787 ιιποδέδωκε·
1045 2753 1139 2786 uude
1177 2750 1560 2798 plusquampelfcctum
1596 2761 1650 2781 rc
1636 2747 1750 2781 tituit

222 2809 386 2843 Reiskius
406 2808 607 2843 ἀπεδεδώκει
627 2807 794 2841 scribens.
824 2807 973 2841 ἀπέδωκε
994 2808 1034 2840 A.
1040 2819 1067 2840 r.
1138 2803 1149 2838 j
1171 2806 1232 2850 μὲν
1252 2817 1322 2839 om.
1338 2817 1366 2838 r.
1442 2800 1462 2828 k
1483 2817 1522 2835 το
1513 2801 1602 2846 mro]
1627 2803 1749 2834 τοῦτον

222 2863 307 2901 S.Q.
393 2859 402 2888 ¹
424 2876 475 2895 και
496 2874 566 2895 om.
591 2860 682 2899 FUQ
786 2866 815 2884 ¹¹¹
835 2859 1040 2906 περιμεῖναι]
1064 2873 1255 2905 περιμενειν
1275 2859 1350 2891 Am.
1446 2862 1464 2880 ¹¹
1486 2853 1582 2899 ἦν]
1565 2859 1603 2897 ἠν
1624 2855 1698 2897 ἐμοὶ
1719 2866 1747 2888 1'.

220 2921 239 2940 ⁰
259 2915 342 2961 ἐγὼ]
367 2916 420 2948 καὶ
440 2916 506 2960 ἐγὼ
529 2915 563 2947 S.
670 2921 688 2949 Ρ
709 2913 792 2947 ὅλου
813 2926 884 2947 om.
907 2915 983 2948 Am.
1092 2919 1111 2945 (1
1133 2914 1150 2945 ὁ
1171 2911 1266 2957 ἐμὸς]
1291 2925 1355 2955 μου
1376 2911 1447 2944 As.
1560 2913 1574 2931 Γ
1593 2906 1743 2952 ἅπασαι]

220 2970 327 3002 πᾶσαι
348 2969 420 3002 Am.

281 3044 377 3070 VOL·
402 3044 460 3069 lv·
978 3041 1001 3066 1⁴*
