2009 3286
232 179 344 220 1514
571 181 866 235 [ΔΗΜΟΣΘ.]
898 184 1078 223 ΕΠΙΣΤ.
1111 199 1146 228 ς.
1206 182 1455 222 EPIST.V1.
1477 196 1519 236 p.
1543 187 1882 234 1491‚1—1492‚
1902 190 1932 221 7·

972 392 1019 433 5.

342 530 590 582 aHP02
640 520 819 583 ΤΗΝ
872 531 1217 583 BOTAHN
1270 531 1411 583 KAI
1460 531 1631 584 TON

443 632 756 685 AHMON
806 633 1010 685 bTON
1063 634 1540 687 ΑΘΗΝΑΙΩΝ.

252 793 652 832 ΔΗΜΟΣΘΕΝΗΣ
683 793 776 831 ΤΗι
808 793 1011 832 ΒΟΥΛΗι
1044 794 1135 831 ΚΑΙ
1166 794 1258 831 ΤΩι
1292 794 1476 832 ΔΗΜΩι
1507 794 1744 832 ΧΑΙΡΕΙΝ.

228 899 529 977 ἨΛΘΕΝ
580 924 813 989 ἐπιστολὴ
861 924 972 990 παρ’
1019 925 1301 993 Ἀντιφίλου
1350 924 1470 990 πρὸς
1514 922 1621 977 τοὺς
1665 927 1761 974 τῶν

229 1008 500 1076 συμμάχων
525 1009 792 1075 συνέδρους,
818 1013 916 1062 τοῖς
947 1007 1031 1071 μὲν
1065 1008 1373 1072 βουλομένοις
1404 1006 1564 1073 ἀγαθὰ
1595 1029 1754 1073 προσ-

230 1095 374 1144 δοκᾶν
401 1096 568 1146 ἱκανῶς
592 1091 910 1160 γεγραμμένη,
936 1096 1031 1146 τοῖς
1060 1093 1097 1142 δ’
1118 1093 1431 1157 ὑπηρετοῦσιν
1456 1088 1790 1158 Ἀντιπάτρῳε

229 1174 445 1230 πολλοὺς
495 1178 571 1227 καὶ
616 1179 859 1243 δυσχερεῖς
904 1175 1235 1226 ἀπολείπουσα
1275 1174 1463 1240 λόγους,
1508 1173 1550 1224 οἳ
1599 1196 1755 1240 παρα-

230 1259 463 1322 λαβόντες
512 1259 572 1311 τά
622 1264 736 1326 παρ’
784 1257 1105 1325 Ἀντιπάτρου
1158 1257 1419 1324 γράμματα
1475 1256 1594 1324 πρὸς
1644 1258 1756 1308 Δεί-

231 1367 407 1412 ναρχον
441 1348 530 1399 θεὶς
566 1343 802 1411 Κόρινθον
840 1342 1042 1394 ἐλθόντα
1078 1340 1272 1395 ἁπάσας
1313 1340 1398 1395 τὰς
1426 1342 1475 1391 ἐν
1512 1345 1763 1392 Πελοπον-

233 1428 367 1499 νήσῳ
403 1427 566 1482 πόλεις
603 1429 827 1480 τοιούτων
858 1425 1019 1493 λόγων
1045 1427 1280 1491 ἔπλησαν,
1308 1427 1418 1477 οἵων
1443 1430 1506 1479 εὶς
1544 1425 1762 1494 κεφαλὴν

196 1514 388 1568 ααύτῶν
413 1510 664 1580 ἁτρέψειαν
690 1515 732 1562 οὶ
762 1512 873 1562 θεοί.
928 1511 1215 1578 ἀφικομένου
1251 1509 1299 1561 δὲ
1331 1515 1415 1560 τοῦ
1454 1515 1536 1560 νῦν
1568 1510 1762 1574 ἥκοντος
1777 1536 1816 1558 ιο

234 1596 354 1661 μετὰ
378 1602 462 1648 τοῦ
495 1597 604 1662 παρ’
631 1597 744 1659 ἐμοῦ
782 1595 1008 1663 φέροντος
1034 1593 1291 1660 γράμματα
1330 1592 1461 1659 παρὰ
1487 1593 1759 1656 θΠολεμαΐ-

235 1704 358 1732 στου
387 1679 507 1747 πρὸς
544 1679 627 1731 τὸν
653 1678 866 1748 ἀδελφὸν
893 1679 1147 1740 Ἐπίνικον,
1175 1678 1325 1744 ἄνδρα
1360 1679 1467 1741 ὑμῖν
1501 1678 1663 1728 εὔνουν
1689 1679 1764 1728 καὶ
1782 1695 1890 1737 1492

237 1766 338 1828 ἐμοὶ
373 1765 533 1833 φίλον,
561 1764 771 1815 κάκείνου
808 1761 928 1829 πρὸς
967 1762 1045 1825 ἐμὲ
1083 1760 1361 1827 ἀγαγόντος,
1389 1761 1654 1811 ἀκούσαντί
1687 1772 1767 1825 μοι

239 1846 271 1900 ἃ
294 1848 456 1915 ἔλεγεν
480 1848 623 1900 ἐδόκει
650 1847 769 1914 πρὸς
805 1848 924 1911 ὑμᾶς
950 1845 1092 1897 αὑτὸν
1119 1847 1417 1908 ἀποστεῖλαι,
1445 1844 1571 1898 ὅπως
1613 1844 1771 1896 πάντα

950 1930 965 1958 f

238 1938 412 2001 σαφῶς
446 1933 734 1986 ἀκούσαντες
772 1930 832 1982 τὰ
867 1933 915 1981 ἐν
969 1934 1035 2000 τῷ
1072 1927 1382 1998 στρατοπέδῳ
1420 1928 1651 1994 γεγονότα
1685 1934 1768 1980 τοῦ

240 2020 376 2085 ἕπερὶ
401 2017 488 2082 τὴν
512 2016 671 2084 μάχην
694 2015 1135 2083 παραγεγενημένου
1163 2012 1268 2064 τότε
1298 2017 1355 2066 εἷς
1386 2012 1440 2063 τὸ
1465 2011 1618 2079 παρὸν
1644 2016 1760 2079 θαρ-
1779 2034 1796 2065 5

240 2104 366 2168 ρῆτε,
393 2104 468 2153 καὶ
494 2099 554 2151 τὰ
581 2099 727 2152 λοιπὰ
753 2104 847 2150 τῶν
873 2103 992 2150 θεῶν
1019 2096 1269 2159 θελόντων,
1298 2096 1329 2147 ἃ
1351 2095 1588 2157 βούλεσθε
1616 2096 1769 2165 ὴὲξειν

243 2186 630 2250 ὑπολαμβάνητε.
673 2185 916 2251 εὐτυχεῖτε.

299 2369 319 2389 ¹³·
338 2363 443 2398 Hanc
458 2363 643 2409 epistolam
659 2374 730 2398 om.
751 2363 786 2397 S.
897 2359 918 2387 b
938 2362 1047 2408 TON]
1072 2362 1273 2407 Legebatur
1292 2366 1395 2395 ΤΩΝ.
1507 2366 1523 2384 e
1544 2361 1591 2396 εἷς
1607 2361 1648 2394 B.
1678 2360 1770 2394 Scri-

243 2417 393 2452 bebatur
411 2417 457 2452 ἐς.
543 2413 562 2440 d
577 2417 742 2462 τρέψειαν
762 2415 807 2455 Q.
838 2416 1072 2461 προτρέψειαν
1093 2415 1135 2449 B.
1166 2415 1428 2460 προστρέψειαν
1448 2414 1566 2459 vulgo.
1661 2419 1676 2438 e
1697 2419 1769 2446 Πο-

244 2466 434 2514 λεμαΐστου
454 2469 494 2503 Β.
517 2468 553 2502 in
572 2474 672 2514 parte
691 2481 761 2503 rec.
798 2467 1041 2512 Πολεμαίστου
1060 2468 1179 2514 vulgo.
1222 2467 1363 2501 Nomen
1383 2472 1586 2513 suspectum
1607 2466 1772 2500 Reiskius

244 2534 371 2569 parum
390 2522 617 2568 probabiliter
641 2522 677 2555 in
706 2521 923 2565 Πτολεμαίου
943 2522 1115 2562 mutabat,
1138 2521 1193 2555 cui
1214 2525 1398 2565 praestaret
1418 2521 1684 2564 Πολεμαινέτου,
1703 2519 1771 2552 nisi

245 2576 381 2611 facilior
408 2575 578 2609 correctio
604 2580 697 2609 esset
722 2574 954 2617 Πυλεμίστου,
986 2575 1086 2619 cujus
1112 2573 1264 2608 nominis
1298 2574 1499 2618 exemplum
1520 2578 1573 2607 est
1598 2573 1634 2606 in
1665 2573 1770 2606 inser.

248 2628 426 2664 Lamiensi
452 2641 509 2674 ap.
528 2628 630 2663 Curt.
653 2628 785 2662 Anecd.
807 2626 936 2672 Delph.
958 2640 992 2673 p.
1017 2626 1071 2661 16.
1095 2628 1190 2671 (coll.
1222 2639 1258 2672 p.
1282 2628 1394 2671 100):
1426 2625 1652 2671 Ἀφροδεισία
1672 2624 1772 2669 ἠλευ-

248 2682 378 2727 θερώθη
399 2682 465 2715 ὑπὸ
485 2686 747 2715 ΠΟΛΕΜΙΣΤΑ
764 2683 826 2714 τοῦ
845 2679 1089 2726 Ἀντικράτεος.
1239 2677 1253 2704 f
1280 2682 1327 2726 τῷ
1348 2692 1417 2713 om.
1440 2679 1485 2718 Q.
1626 2684 1646 2712 g
1674 2677 1769 2723 περὶ]

247 2736 338 2781 παρὰ
360 2734 568 2769 Sehaeferus.
699 2731 719 2758 h
740 2734 828 2778 ἕξειν
848 2734 1024 2768 Reiskius.
1061 2734 1262 2780 Legebatur
1281 2734 1383 2777 ἔχειν.
