<?xml version="1.0" encoding="UTF-8"?>
<!DOCTYPE html PUBLIC "-//W3C//DTD XHTML 1.0 Transitional//EN"
    "http://www.w3.org/TR/xhtml1/DTD/xhtml1-transitional.dtd">
<html xmlns="http://www.w3.org/1999/xhtml" xml:lang="en" lang="en">
 <head>
  <title>
</title>
<meta http-equiv="Content-Type" content="text/html;charset=utf-8" />
  <meta name='ocr-system' content='tesseract 3.04.00' />
  <meta name='ocr-capabilities' content='ocr_page ocr_carea ocr_par ocr_line ocrx_word'/>
</head>
<body>
  <div class='ocr_page' id='page_1' title='image "./operaexrecension00demouoft/operaexrecension00demouoft_0331.png"; bbox 0 0 2009 3286; ppageno 0'>
   <div class='ocr_carea' id='block_1_1' title="bbox 70 224 1722 286">
    <p class='ocr_par' dir='ltr' id='par_1_1' title="bbox 70 224 1722 286">
     <span class='ocr_line' id='line_1_1' title="bbox 70 224 1722 286; baseline -0.003 -14"><span class='ocrx_word' id='word_1_1' title='bbox 70 243 254 286; x_wconf 80' lang='lat'>—1417,</span> <span class='ocrx_word' id='word_1_2' title='bbox 272 249 302 273; x_wconf 87' lang='lat'>3.</span> <span class='ocrx_word' id='word_1_3' title='bbox 819 231 1105 270; x_wconf 82' lang='grc' dir='ltr'>ΕΡΩΤΙΚΟΣ.</span> <span class='ocrx_word' id='word_1_4' title='bbox 1610 224 1722 267; x_wconf 76' lang='lat'><strong>1439</strong></span> 
     </span>
    </p>
   </div>
   <div class='ocr_carea' id='block_1_2' title="bbox 130 339 1848 2662">
    <p class='ocr_par' dir='ltr' id='par_1_2' title="bbox 195 339 1751 745">
     <span class='ocr_line' id='line_1_2' title="bbox 196 339 1722 413; baseline -0.003 -19"><span class='ocrx_word' id='word_1_5' title='bbox 196 343 381 413; x_wconf 73' lang='grc' dir='ltr'>ἀδόξων</span> <span class='ocrx_word' id='word_1_6' title='bbox 434 346 509 394; x_wconf 82' lang='grc' dir='ltr'>καὶ</span> <span class='ocrx_word' id='word_1_7' title='bbox 567 348 798 394; x_wconf 84' lang='grc' dir='ltr'>ταπεινῶν</span> <span class='ocrx_word' id='word_1_8' title='bbox 849 345 1087 410; x_wconf 86' lang='grc' dir='ltr'>ἐπιφανεῖς</span> <span class='ocrx_word' id='word_1_9' title='bbox 1139 340 1216 391; x_wconf 80' lang='grc' dir='ltr'>διὰ</span> <span class='ocrx_word' id='word_1_10' title='bbox 1266 343 1347 404; x_wconf 82' lang='grc' dir='ltr'>τῆς</span> <span class='ocrx_word' id='word_1_11' title='bbox 1398 339 1722 404; x_wconf 88' lang='grc' dir='ltr'>πραγματείας</span> 
     </span>
     <span class='ocr_line' id='line_1_3' title="bbox 195 423 1716 493; baseline -0.005 -14"><span class='ocrx_word' id='word_1_12' title='bbox 195 427 367 491; x_wconf 77' lang='grc' dir='ltr'>ταύτης</span> <span class='ocrx_word' id='word_1_13' title='bbox 404 427 751 493; x_wconf 78' lang='grc' dir='ltr'>γεγενημένους,</span> <span class='ocrx_word' id='word_1_14' title='bbox 793 424 995 476; x_wconf 82' lang='grc' dir='ltr'>Σόλωνα</span> <span class='ocrx_word' id='word_1_15' title='bbox 1035 423 1083 476; x_wconf 75' lang='grc' dir='ltr'>δὲ</span> <span class='ocrx_word' id='word_1_16' title='bbox 1124 426 1198 475; x_wconf 78' lang='grc' dir='ltr'>καὶ</span> <span class='ocrx_word' id='word_1_17' title='bbox 1241 424 1391 490; x_wconf 74' lang='grc' dir='ltr'>ζῶντα</span> <span class='ocrx_word' id='word_1_18' title='bbox 1437 424 1512 472; x_wconf 81' lang='grc' dir='ltr'>καὶ</span> <span class='ocrx_word' id='word_1_19' title='bbox 1555 428 1716 472; x_wconf 90' lang='grc' dir='ltr'>τελευ-</span> 
     </span>
     <span class='ocr_line' id='line_1_4' title="bbox 195 505 1716 578; baseline -0.005 -16"><span class='ocrx_word' id='word_1_20' title='bbox 195 512 410 576; x_wconf 89' lang='grc' dir='ltr'>τήσαντα</span> <span class='ocrx_word' id='word_1_21' title='bbox 459 513 688 576; x_wconf 89' lang='grc' dir='ltr'>μεγίστης</span> <span class='ocrx_word' id='word_1_22' title='bbox 733 509 876 578; x_wconf 78' lang='grc' dir='ltr'>δόξης</span> <span class='ocrx_word' id='word_1_23' title='bbox 920 508 1194 577; x_wconf 75' lang='grc' dir='ltr'>ἠξιωμένον·</span> <span class='ocrx_word' id='word_1_24' title='bbox 1249 505 1298 560; x_wconf 71' lang='grc' dir='ltr'>ὃς</span> <span class='ocrx_word' id='word_1_25' title='bbox 1343 507 1425 557; x_wconf 79' lang='grc' dir='ltr'>οὐκ</span> <span class='ocrx_word' id='word_1_26' title='bbox 1469 508 1716 567; x_wconf 85' lang='grc' dir='ltr'>ἀπεληλα-</span> 
     </span>
     <span class='ocr_line' id='line_1_5' title="bbox 195 586 1751 658; baseline -0.005 -14"><span class='ocrx_word' id='word_1_27' title='bbox 195 594 333 658; x_wconf 86' lang='grc' dir='ltr'>μένος</span> <span class='ocrx_word' id='word_1_28' title='bbox 367 600 460 646; x_wconf 87' lang='grc' dir='ltr'>τῶν</span> <span class='ocrx_word' id='word_1_29' title='bbox 493 595 660 645; x_wconf 79' lang='grc' dir='ltr'>ἄλλων</span> <span class='ocrx_word' id='word_1_30' title='bbox 693 597 854 657; x_wconf 85' lang='grc' dir='ltr'>τιμῶν,</span> <span class='ocrx_word' id='word_1_31' title='bbox 883 591 1015 643; x_wconf 81' lang='grc' dir='ltr'>ἀλλὰ</span> <span class='ocrx_word' id='word_1_32' title='bbox 1040 594 1123 654; x_wconf 84' lang='grc' dir='ltr'>τῆς</span> <span class='ocrx_word' id='word_1_33' title='bbox 1154 589 1238 654; x_wconf 80' lang='grc' dir='ltr'>μὲν</span> <span class='ocrx_word' id='word_1_34' title='bbox 1264 590 1499 654; x_wconf 67' lang='grc' dir='ltr'>ἵοἰνδρείας</span> <span class='ocrx_word' id='word_1_35' title='bbox 1524 586 1577 638; x_wconf 85' lang='grc' dir='ltr'>τὸ</span> <span class='ocrx_word' id='word_1_36' title='bbox 1603 586 1751 652; x_wconf 84' lang='grc' dir='ltr'>πρὸς5</span> 
     </span>
     <span class='ocr_line' id='line_1_6' title="bbox 200 673 1720 745; baseline -0.005 -17"><span class='ocrx_word' id='word_1_37' title='bbox 200 678 453 745; x_wconf 78' lang='grc' dir='ltr'>Μεγαρέας</span> <span class='ocrx_word' id='word_1_38' title='bbox 490 677 716 744; x_wconf 85' lang='grc' dir='ltr'>τρόπαιον</span> <span class='ocrx_word' id='word_1_39' title='bbox 755 675 1008 740; x_wconf 85' lang='grc' dir='ltr'>ὑπόμνημα</span> <span class='ocrx_word' id='word_1_40' title='bbox 1047 673 1334 735; x_wconf 81' lang='grc' dir='ltr'>καταλιπὼν,</span> <span class='ocrx_word' id='word_1_41' title='bbox 1368 676 1451 736; x_wconf 81' lang='grc' dir='ltr'>τῆς</span> <span class='ocrx_word' id='word_1_42' title='bbox 1484 673 1522 722; x_wconf 86' lang='grc' dir='ltr'>δ’</span> <span class='ocrx_word' id='word_1_43' title='bbox 1551 673 1720 732; x_wconf 80' lang='grc' dir='ltr'>εὐβου-</span> 
     </span>
    </p>

    <p class='ocr_par' dir='ltr' id='par_1_3' title="bbox 130 753 1778 1330">
     <span class='ocr_line' id='line_1_7' title="bbox 130 753 1725 825; baseline -0.001 -15"><span class='ocrx_word' id='word_1_44' title='bbox 130 771 177 810; x_wconf 83' lang='grc'>6]</span> <span class='ocrx_word' id='word_1_45' title='bbox 198 763 304 815; x_wconf 85' lang='grc' dir='ltr'>λίας</span> <span class='ocrx_word' id='word_1_46' title='bbox 329 761 416 825; x_wconf 89' lang='grc' dir='ltr'>τὴν</span> <span class='ocrx_word' id='word_1_47' title='bbox 444 765 714 825; x_wconf 83' lang='grc' dir='ltr'>Σαλαμῖνος</span> <span class='ocrx_word' id='word_1_48' title='bbox 747 759 956 824; x_wconf 80' lang='grc' dir='ltr'>κομιδὴν,</span> <span class='ocrx_word' id='word_1_49' title='bbox 983 762 1066 823; x_wconf 82' lang='grc' dir='ltr'>τῆς</span> <span class='ocrx_word' id='word_1_50' title='bbox 1093 760 1129 809; x_wconf 87' lang='grc' dir='ltr'>δ’</span> <span class='ocrx_word' id='word_1_51' title='bbox 1158 758 1314 822; x_wconf 74' lang='grc' dir='ltr'>ἄλλης</span> <span class='ocrx_word' id='word_1_52' title='bbox 1347 757 1584 809; x_wconf 89' lang='grc' dir='ltr'>συνέσεως</span> <span class='ocrx_word' id='word_1_53' title='bbox 1617 753 1725 808; x_wconf 78' lang='grc' dir='ltr'>τοὺς</span> 
     </span>
     <span class='ocr_line' id='line_1_8' title="bbox 198 839 1720 909; baseline -0.005 -13"><span class='ocrx_word' id='word_1_54' title='bbox 198 845 367 909; x_wconf 88' lang='grc' dir='ltr'>νόμους</span> <span class='ocrx_word' id='word_1_55' title='bbox 394 844 469 899; x_wconf 57' lang='grc' dir='ltr'>ὶῖς</span> <span class='ocrx_word' id='word_1_56' title='bbox 504 845 570 896; x_wconf 69' lang='grc' dir='ltr'>ε”τι</span> <span class='ocrx_word' id='word_1_57' title='bbox 606 847 682 896; x_wconf 80' lang='grc' dir='ltr'>καὶ</span> <span class='ocrx_word' id='word_1_58' title='bbox 722 850 803 895; x_wconf 87' lang='grc' dir='ltr'>νῦν</span> <span class='ocrx_word' id='word_1_59' title='bbox 839 849 878 895; x_wconf 79' lang='grc' dir='ltr'>οἱ</span> <span class='ocrx_word' id='word_1_60' title='bbox 919 847 1140 895; x_wconf 84' lang='grc' dir='ltr'>πλεῖστοι</span> <span class='ocrx_word' id='word_1_61' title='bbox 1179 846 1273 892; x_wconf 86' lang='grc' dir='ltr'>τῶν</span> <span class='ocrx_word' id='word_1_62' title='bbox 1304 840 1558 903; x_wconf 88' lang='grc' dir='ltr'>Ἑλλήνων</span> <span class='ocrx_word' id='word_1_63' title='bbox 1592 839 1720 906; x_wconf 84' lang='grc' dir='ltr'>χρώ-</span> 
     </span>
     <span class='ocr_line' id='line_1_9' title="bbox 196 925 1778 993; baseline -0.004 -13"><span class='ocrx_word' id='word_1_64' title='bbox 196 952 327 993; x_wconf 89' lang='grc' dir='ltr'>μενοι</span> <span class='ocrx_word' id='word_1_65' title='bbox 366 932 679 991; x_wconf 81' lang='grc' dir='ltr'>διατελοῦσιν,</span> <span class='ocrx_word' id='word_1_66' title='bbox 718 928 844 991; x_wconf 75' lang='grc' dir='ltr'>ὅμως</span> <span class='ocrx_word' id='word_1_67' title='bbox 884 926 1128 979; x_wconf 82' lang='grc' dir='ltr'>τοσούτων</span> <span class='ocrx_word' id='word_1_68' title='bbox 1165 927 1328 993; x_wconf 73' lang='grc' dir='ltr'>Παὐτῷ</span> <span class='ocrx_word' id='word_1_69' title='bbox 1367 929 1528 975; x_wconf 89' lang='grc' dir='ltr'>καλῶν</span> <span class='ocrx_word' id='word_1_70' title='bbox 1569 925 1718 989; x_wconf 84' lang='grc' dir='ltr'>ὑπαρ-</span> <span class='ocrx_word' id='word_1_71' title='bbox 1741 942 1778 963; x_wconf 90' lang='lat'>¹0</span> 
     </span>
     <span class='ocr_line' id='line_1_10' title="bbox 196 1007 1720 1079; baseline -0.004 -16"><span class='ocrx_word' id='word_1_72' title='bbox 196 1012 379 1079; x_wconf 90' lang='grc' dir='ltr'>χόντων</span> <span class='ocrx_word' id='word_1_73' title='bbox 410 1014 478 1063; x_wconf 87' lang='grc' dir='ltr'>ἐπ’</span> <span class='ocrx_word' id='word_1_74' title='bbox 507 1013 656 1062; x_wconf 78' lang='grc' dir='ltr'>οὐδενὶ</span> <span class='ocrx_word' id='word_1_75' title='bbox 688 1017 880 1074; x_wconf 82' lang='grc' dir='ltr'>μᾶλλον</span> <span class='ocrx_word' id='word_1_76' title='bbox 914 1010 1214 1061; x_wconf 81' lang='grc' dir='ltr'>ἐσπούδασεν</span> <span class='ocrx_word' id='word_1_77' title='bbox 1241 1008 1269 1073; x_wconf 71' lang='grc' dir='ltr'>ἢ</span> <span class='ocrx_word' id='word_1_78' title='bbox 1297 1014 1391 1059; x_wconf 89' lang='grc' dir='ltr'>τῶν</span> <span class='ocrx_word' id='word_1_79' title='bbox 1422 1007 1541 1059; x_wconf 78' lang='grc' dir='ltr'>ἑπτὰ</span> <span class='ocrx_word' id='word_1_80' title='bbox 1572 1013 1720 1077; x_wconf 94' lang='grc' dir='ltr'>σοφι-</span> 
     </span>
     <span class='ocr_line' id='line_1_11' title="bbox 197 1092 1724 1162; baseline -0.003 -16"><span class='ocrx_word' id='word_1_81' title='bbox 197 1100 328 1146; x_wconf 92' lang='grc' dir='ltr'>στῶν</span> <span class='ocrx_word' id='word_1_82' title='bbox 361 1096 489 1149; x_wconf 81' lang='grc' dir='ltr'>ὅπως</span> <span class='ocrx_word' id='word_1_83' title='bbox 520 1095 724 1161; x_wconf 89' lang='grc' dir='ltr'>γένηται,</span> <span class='ocrx_word' id='word_1_84' title='bbox 753 1095 950 1161; x_wconf 75' lang='grc' dir='ltr'>νομίζων</span> <span class='ocrx_word' id='word_1_85' title='bbox 984 1093 1070 1157; x_wconf 88' lang='grc' dir='ltr'>τὴν</span> <span class='ocrx_word' id='word_1_86' title='bbox 1101 1093 1400 1162; x_wconf 85' lang='grc' dir='ltr'>φιλοσοφίαν</span> <span class='ocrx_word' id='word_1_87' title='bbox 1427 1094 1509 1143; x_wconf 83' lang='grc' dir='ltr'>οὐκ</span> <span class='ocrx_word' id='word_1_88' title='bbox 1535 1092 1724 1153; x_wconf 77' lang='grc' dir='ltr'>ὄνειδος,</span> 
     </span>
     <span class='ocr_line' id='line_1_12' title="bbox 198 1175 1725 1247; baseline -0.002 -17"><span class='ocrx_word' id='word_1_89' title='bbox 198 1179 330 1230; x_wconf 79' lang='grc' dir='ltr'>ἀλλὰ</span> <span class='ocrx_word' id='word_1_90' title='bbox 363 1179 502 1244; x_wconf 83' lang='grc' dir='ltr'>τιμὴν</span> <span class='ocrx_word' id='word_1_91' title='bbox 537 1185 633 1232; x_wconf 85' lang='grc' dir='ltr'>τοῖς</span> <span class='ocrx_word' id='word_1_92' title='bbox 669 1180 924 1246; x_wconf 77' lang='grc' dir='ltr'>χρωμένοις</span> <span class='ocrx_word' id='word_1_93' title='bbox 961 1178 1132 1247; x_wconf 86' lang='grc' dir='ltr'>φέρειν,</span> <span class='ocrx_word' id='word_1_94' title='bbox 1152 1182 1329 1231; x_wconf 49' lang='grc' dir='ltr'>χκαλῶς</span> <span class='ocrx_word' id='word_1_95' title='bbox 1362 1176 1576 1242; x_wconf 82' lang='grc' dir='ltr'>ἐγνωκὼς</span> <span class='ocrx_word' id='word_1_96' title='bbox 1612 1175 1725 1227; x_wconf 81' lang='grc' dir='ltr'>αὐτὸ</span> 
     </span>
     <span class='ocr_line' id='line_1_13' title="bbox 197 1259 1436 1330; baseline -0.003 -16"><span class='ocrx_word' id='word_1_97' title='bbox 197 1269 336 1314; x_wconf 91' lang='grc' dir='ltr'>τοῦτο</span> <span class='ocrx_word' id='word_1_98' title='bbox 364 1265 450 1330; x_wconf 85' lang='grc' dir='ltr'>οὐχ</span> <span class='ocrx_word' id='word_1_99' title='bbox 476 1263 618 1327; x_wconf 76' lang='grc' dir='ltr'>ἧττον</span> <span class='ocrx_word' id='word_1_100' title='bbox 644 1261 672 1327; x_wconf 86' lang='grc' dir='ltr'>ὴ</span> <span class='ocrx_word' id='word_1_101' title='bbox 701 1265 775 1313; x_wconf 77' lang='grc' dir='ltr'>καὶ</span> <span class='ocrx_word' id='word_1_102' title='bbox 802 1261 964 1312; x_wconf 77' lang='grc' dir='ltr'>τᾶλλα</span> <span class='ocrx_word' id='word_1_103' title='bbox 990 1263 1061 1330; x_wconf 89' lang='grc' dir='ltr'>ἐφ’</span> <span class='ocrx_word' id='word_1_104' title='bbox 1092 1260 1160 1314; x_wconf 75' lang='grc' dir='ltr'>οἷς</span> <span class='ocrx_word' id='word_1_105' title='bbox 1186 1259 1436 1325; x_wconf 84' lang='grc' dir='ltr'>διήνεγκεν.</span> 
     </span>
    </p>

    <p class='ocr_par' dir='ltr' id='par_1_4' title="bbox 132 1342 1782 1915">
     <span class='ocr_line' id='line_1_14' title="bbox 132 1342 1778 1412; baseline -0.004 -16"><span class='ocrx_word' id='word_1_106' title='bbox 132 1357 185 1397; x_wconf 81' lang='lat'>62</span> <span class='ocrx_word' id='word_1_107' title='bbox 273 1347 440 1412; x_wconf 78' lang='grc' dir='ltr'>ΧἘγὼ</span> <span class='ocrx_word' id='word_1_108' title='bbox 478 1346 561 1410; x_wconf 77' lang='grc' dir='ltr'>μὲν</span> <span class='ocrx_word' id='word_1_109' title='bbox 600 1347 682 1397; x_wconf 77' lang='grc' dir='ltr'>οὖν</span> <span class='ocrx_word' id='word_1_110' title='bbox 727 1347 824 1397; x_wconf 77' lang='grc' dir='ltr'>οὔτ’</span> <span class='ocrx_word' id='word_1_111' title='bbox 866 1344 1005 1398; x_wconf 81' lang='grc' dir='ltr'>αὐτὸς</span> <span class='ocrx_word' id='word_1_112' title='bbox 1047 1344 1210 1398; x_wconf 79' lang='grc' dir='ltr'>ἄλλως</span> <span class='ocrx_word' id='word_1_113' title='bbox 1248 1343 1517 1408; x_wconf 79' lang='grc' dir='ltr'>γιγνώσκω,</span> <span class='ocrx_word' id='word_1_114' title='bbox 1556 1342 1641 1391; x_wconf 91' lang='grc' dir='ltr'>σοί</span> <span class='ocrx_word' id='word_1_115' title='bbox 1677 1358 1778 1391; x_wconf 71' lang='grc' dir='ltr'>τεῐ5</span> 
     </span>
     <span class='ocr_line' id='line_1_15' title="bbox 197 1423 1725 1499; baseline -0.006 -17"><span class='ocrx_word' id='word_1_116' title='bbox 197 1435 410 1497; x_wconf 79' lang='grc' dir='ltr'>παραινῶ</span> <span class='ocrx_word' id='word_1_117' title='bbox 442 1434 746 1499; x_wconf 78' lang='grc' dir='ltr'>φιλοσοφεῖν,</span> <span class='ocrx_word' id='word_1_118' title='bbox 778 1429 1055 1496; x_wconf 75' lang='grc' dir='ltr'>μεμνημένῳ</span> <span class='ocrx_word' id='word_1_119' title='bbox 1089 1431 1183 1477; x_wconf 88' lang='grc' dir='ltr'>τῶν</span> <span class='ocrx_word' id='word_1_120' title='bbox 1219 1426 1275 1495; x_wconf 75' lang='grc' dir='ltr'>ἐξ</span> <span class='ocrx_word' id='word_1_121' title='bbox 1304 1429 1451 1493; x_wconf 81' lang='grc' dir='ltr'>ἀρχῆς</span> <span class='ocrx_word' id='word_1_122' title='bbox 1488 1423 1725 1492; x_wconf 76' lang='grc' dir='ltr'>ὑπαρξάν-</span> 
     </span>
     <span class='ocr_line' id='line_1_16' title="bbox 200 1506 1728 1581; baseline -0.005 -16"><span class='ocrx_word' id='word_1_123' title='bbox 200 1537 294 1565; x_wconf 87' lang='grc' dir='ltr'>των</span> <span class='ocrx_word' id='word_1_124' title='bbox 329 1517 505 1581; x_wconf 75' lang='grc' dir='ltr'>σαυτῷ·</span> <span class='ocrx_word' id='word_1_125' title='bbox 546 1514 742 1564; x_wconf 68' lang='grc' dir='ltr'>Ῡτούτου</span> <span class='ocrx_word' id='word_1_126' title='bbox 768 1511 863 1578; x_wconf 77' lang='grc' dir='ltr'>γὰρ</span> <span class='ocrx_word' id='word_1_127' title='bbox 890 1512 1022 1562; x_wconf 82' lang='grc' dir='ltr'>ἕνεκα</span> <span class='ocrx_word' id='word_1_128' title='bbox 1049 1513 1274 1574; x_wconf 82' lang='grc' dir='ltr'>Ζδιῆλθον</span> <span class='ocrx_word' id='word_1_129' title='bbox 1300 1511 1348 1560; x_wconf 86' lang='grc' dir='ltr'>ἐν</span> <span class='ocrx_word' id='word_1_130' title='bbox 1375 1512 1499 1576; x_wconf 80' lang='grc' dir='ltr'>ἀρχῇ</span> <span class='ocrx_word' id='word_1_131' title='bbox 1530 1514 1612 1559; x_wconf 90' lang='grc' dir='ltr'>τοῦ</span> <span class='ocrx_word' id='word_1_132' title='bbox 1645 1506 1728 1557; x_wconf 84' lang='grc' dir='ltr'>λό-</span> 
     </span>
     <span class='ocr_line' id='line_1_17' title="bbox 200 1591 1728 1663; baseline -0.005 -15"><span class='ocrx_word' id='word_1_133' title='bbox 200 1620 288 1663; x_wconf 95' lang='grc' dir='ltr'>γου</span> <span class='ocrx_word' id='word_1_134' title='bbox 332 1596 464 1662; x_wconf 79' lang='grc' dir='ltr'>κάγὼ</span> <span class='ocrx_word' id='word_1_135' title='bbox 503 1600 609 1663; x_wconf 85' lang='grc' dir='ltr'>περὶ</span> <span class='ocrx_word' id='word_1_136' title='bbox 654 1597 820 1657; x_wconf 83' lang='grc' dir='ltr'>αὐτῶν,</span> <span class='ocrx_word' id='word_1_137' title='bbox 860 1596 947 1661; x_wconf 83' lang='grc' dir='ltr'>οὐχ</span> <span class='ocrx_word' id='word_1_138' title='bbox 989 1597 1051 1648; x_wconf 88' lang='grc' dir='ltr'>ὡς</span> <span class='ocrx_word' id='word_1_139' title='bbox 1093 1596 1143 1644; x_wconf 81' lang='grc' dir='ltr'>ἐκ</span> <span class='ocrx_word' id='word_1_140' title='bbox 1187 1599 1270 1644; x_wconf 88' lang='grc' dir='ltr'>τοῦ</span> <span class='ocrx_word' id='word_1_141' title='bbox 1315 1592 1401 1656; x_wconf 86' lang='grc' dir='ltr'>τὴν</span> <span class='ocrx_word' id='word_1_142' title='bbox 1443 1592 1538 1656; x_wconf 85' lang='grc' dir='ltr'>σὴν</span> <span class='ocrx_word' id='word_1_143' title='bbox 1578 1591 1728 1659; x_wconf 87' lang='grc' dir='ltr'>φύσιν</span> 
     </span>
     <span class='ocr_line' id='line_1_18' title="bbox 201 1677 1782 1744; baseline -0.004 -12"><span class='ocrx_word' id='word_1_144' title='bbox 201 1684 402 1732; x_wconf 83' lang='grc' dir='ltr'>ἐπαινεῖν</span> <span class='ocrx_word' id='word_1_145' title='bbox 440 1681 800 1744; x_wconf 85' lang='grc' dir='ltr'>ἀνακτήσεσθαί</span> <span class='ocrx_word' id='word_1_146' title='bbox 836 1701 894 1729; x_wconf 90' lang='grc' dir='ltr'>σε</span> <span class='ocrx_word' id='word_1_147' title='bbox 935 1681 1233 1744; x_wconf 83' lang='grc' dir='ltr'>προσδοκῶν,</span> <span class='ocrx_word' id='word_1_148' title='bbox 1273 1678 1383 1727; x_wconf 81' lang='grc' dir='ltr'>ἀλλ’</span> <span class='ocrx_word' id='word_1_149' title='bbox 1424 1677 1500 1727; x_wconf 83' lang='grc' dir='ltr'>ἵνα</span> <span class='ocrx_word' id='word_1_150' title='bbox 1537 1681 1727 1739; x_wconf 79' lang='grc' dir='ltr'>μᾶλλον</span> <span class='ocrx_word' id='word_1_151' title='bbox 1744 1697 1782 1717; x_wconf 81' lang='lat'>20</span> 
     </span>
     <span class='ocr_line' id='line_1_19' title="bbox 200 1759 1722 1833; baseline -0.005 -17"><span class='ocrx_word' id='word_1_152' title='bbox 200 1765 459 1833; x_wconf 77' lang='grc' dir='ltr'>προτρέψω</span> <span class='ocrx_word' id='word_1_153' title='bbox 498 1787 558 1815; x_wconf 94' lang='grc' dir='ltr'>σε</span> <span class='ocrx_word' id='word_1_154' title='bbox 595 1764 714 1830; x_wconf 82' lang='grc' dir='ltr'>πρὸς</span> <span class='ocrx_word' id='word_1_155' title='bbox 753 1762 873 1826; x_wconf 67' lang='grc' dir='ltr'>ἃτὴν</span> <span class='ocrx_word' id='word_1_156' title='bbox 910 1763 1222 1830; x_wconf 89' lang='grc' dir='ltr'>φιλοσοφίαν,</span> <span class='ocrx_word' id='word_1_157' title='bbox 1257 1760 1337 1811; x_wconf 77' lang='grc' dir='ltr'>ἐὰν</span> <span class='ocrx_word' id='word_1_158' title='bbox 1375 1759 1441 1824; x_wconf 88' lang='grc' dir='ltr'>μὴ</span> <span class='ocrx_word' id='word_1_159' title='bbox 1477 1759 1607 1825; x_wconf 80' lang='grc' dir='ltr'>παρὰ</span> <span class='ocrx_word' id='word_1_160' title='bbox 1645 1782 1722 1822; x_wconf 90' lang='grc' dir='ltr'>μι-</span> 
     </span>
     <span class='ocr_line' id='line_1_20' title="bbox 202 1843 1728 1915; baseline -0.005 -16"><span class='ocrx_word' id='word_1_161' title='bbox 202 1848 314 1915; x_wconf 80' lang='grc' dir='ltr'>κρὸν</span> <span class='ocrx_word' id='word_1_162' title='bbox 363 1848 555 1915; x_wconf 87' lang='grc' dir='ltr'>ποιήσῃ,</span> <span class='ocrx_word' id='word_1_163' title='bbox 600 1849 706 1911; x_wconf 87' lang='grc' dir='ltr'>μηδ’</span> <span class='ocrx_word' id='word_1_164' title='bbox 754 1849 827 1897; x_wconf 78' lang='grc' dir='ltr'>ἐπὶ</span> <span class='ocrx_word' id='word_1_165' title='bbox 878 1850 974 1898; x_wconf 82' lang='grc' dir='ltr'>τοῖς</span> <span class='ocrx_word' id='word_1_166' title='bbox 1020 1845 1315 1911; x_wconf 80' lang='grc' dir='ltr'>ὑπάρχουσιν</span> <span class='ocrx_word' id='word_1_167' title='bbox 1362 1846 1557 1908; x_wconf 81' lang='grc' dir='ltr'>ἀγαθοῖς</span> <span class='ocrx_word' id='word_1_168' title='bbox 1607 1843 1728 1907; x_wconf 88' lang='grc' dir='ltr'>μέγα</span> 
     </span>
    </p>

    <p class='ocr_par' dir='ltr' id='par_1_5' title="bbox 135 1928 1848 2500">
     <span class='ocr_line' id='line_1_21' title="bbox 135 1928 1728 2000; baseline -0.006 -16"><span class='ocrx_word' id='word_1_169' title='bbox 135 1941 186 1994; x_wconf 83' lang='lat'>63</span> <span class='ocrx_word' id='word_1_170' title='bbox 202 1932 450 2000; x_wconf 90' lang='grc' dir='ltr'>φρονήσας</span> <span class='ocrx_word' id='word_1_171' title='bbox 477 1937 571 1983; x_wconf 90' lang='grc' dir='ltr'>τῶν</span> <span class='ocrx_word' id='word_1_172' title='bbox 597 1930 874 1994; x_wconf 87' lang='grc' dir='ltr'>μελλόντων</span> <span class='ocrx_word' id='word_1_173' title='bbox 898 1928 1216 1996; x_wconf 87' lang='grc' dir='ltr'>ὀλιγωρήσῃς.</span> <span class='ocrx_word' id='word_1_174' title='bbox 1256 1928 1362 1992; x_wconf 88' lang='grc' dir='ltr'>μηδ’</span> <span class='ocrx_word' id='word_1_175' title='bbox 1386 1932 1421 1978; x_wconf 77' lang='grc' dir='ltr'>εἰ</span> <span class='ocrx_word' id='word_1_176' title='bbox 1448 1932 1543 1977; x_wconf 91' lang='grc' dir='ltr'>τῶν</span> <span class='ocrx_word' id='word_1_177' title='bbox 1565 1928 1728 1989; x_wconf 88' lang='grc' dir='ltr'>ἐντυγ-</span> 
     </span>
     <span class='ocr_line' id='line_1_22' title="bbox 201 2012 1726 2084; baseline -0.005 -17"><span class='ocrx_word' id='word_1_178' title='bbox 201 2015 444 2084; x_wconf 87' lang='grc' dir='ltr'>χανόντων</span> <span class='ocrx_word' id='word_1_179' title='bbox 477 2016 696 2082; x_wconf 85' lang='grc' dir='ltr'>κρείττων</span> <span class='ocrx_word' id='word_1_180' title='bbox 732 2012 782 2075; x_wconf 80' lang='grc' dir='ltr'>εἶ,</span> <span class='ocrx_word' id='word_1_181' title='bbox 818 2013 961 2077; x_wconf 76' lang='grc' dir='ltr'>μηδὲν</span> <span class='ocrx_word' id='word_1_182' title='bbox 993 2017 1087 2063; x_wconf 90' lang='grc' dir='ltr'>τῶν</span> <span class='ocrx_word' id='word_1_183' title='bbox 1117 2013 1284 2062; x_wconf 77' lang='grc' dir='ltr'>ἄλλων</span> <span class='ocrx_word' id='word_1_184' title='bbox 1315 2012 1436 2077; x_wconf 76' lang='grc' dir='ltr'>ζήτει</span> <span class='ocrx_word' id='word_1_185' title='bbox 1468 2014 1726 2075; x_wconf 84' lang='grc' dir='ltr'>διενεγκεῖν,</span> 
     </span>
     <span class='ocr_line' id='line_1_23' title="bbox 202 2092 1781 2165; baseline -0.004 -15"><span class='ocrx_word' id='word_1_186' title='bbox 202 2101 312 2150; x_wconf 83' lang='grc' dir='ltr'>ἀλλ’</span> <span class='ocrx_word' id='word_1_187' title='bbox 355 2100 471 2165; x_wconf 84' lang='grc' dir='ltr'>ἡγοῦ</span> <span class='ocrx_word' id='word_1_188' title='bbox 511 2098 765 2164; x_wconf 81' lang='grc' dir='ltr'>κράτιστον</span> <span class='ocrx_word' id='word_1_189' title='bbox 810 2096 894 2159; x_wconf 74' lang='grc' dir='ltr'>μὲν</span> <span class='ocrx_word' id='word_1_190' title='bbox 931 2094 1045 2146; x_wconf 77' lang='grc' dir='ltr'>εἶναι</span> <span class='ocrx_word' id='word_1_191' title='bbox 1089 2094 1143 2147; x_wconf 80' lang='grc' dir='ltr'>τὸ</span> <span class='ocrx_word' id='word_1_192' title='bbox 1181 2094 1435 2161; x_wconf 84' lang='grc' dir='ltr'>πρωτεύειν</span> <span class='ocrx_word' id='word_1_193' title='bbox 1473 2096 1521 2144; x_wconf 88' lang='grc' dir='ltr'>ἐν</span> <span class='ocrx_word' id='word_1_194' title='bbox 1560 2092 1781 2154; x_wconf 60' lang='grc' dir='ltr'>ἅπασι,25</span> 
     </span>
     <span class='ocr_line' id='line_1_24' title="bbox 201 2175 1729 2247; baseline -0.005 -14"><span class='ocrx_word' id='word_1_195' title='bbox 201 2181 370 2233; x_wconf 87' lang='grc' dir='ltr'>τούτου</span> <span class='ocrx_word' id='word_1_196' title='bbox 397 2183 434 2232; x_wconf 87' lang='grc' dir='ltr'>δ’</span> <span class='ocrx_word' id='word_1_197' title='bbox 458 2180 738 2247; x_wconf 89' lang='grc' dir='ltr'>ὀρεγόμενον</span> <span class='ocrx_word' id='word_1_198' title='bbox 765 2181 969 2246; x_wconf 74' lang='grc' dir='ltr'>ὀφθῆναι</span> <span class='ocrx_word' id='word_1_199' title='bbox 995 2183 1186 2241; x_wconf 80' lang='grc' dir='ltr'>μᾶλλον</span> <span class='ocrx_word' id='word_1_200' title='bbox 1214 2176 1504 2245; x_wconf 69' lang='grc' dir='ltr'>1)συμφε’ρειν</span> <span class='ocrx_word' id='word_1_201' title='bbox 1530 2175 1559 2239; x_wconf 78' lang='grc' dir='ltr'>ἢ</span> <span class='ocrx_word' id='word_1_202' title='bbox 1586 2183 1729 2241; x_wconf 55' lang='grc' dir='ltr'>οπρο-</span> 
     </span>
     <span class='ocr_line' id='line_1_25' title="bbox 203 2259 1728 2332; baseline -0.005 -17"><span class='ocrx_word' id='word_1_203' title='bbox 203 2265 372 2332; x_wconf 86' lang='grc' dir='ltr'>έχοντα</span> <span class='ocrx_word' id='word_1_204' title='bbox 406 2267 454 2314; x_wconf 85' lang='grc' dir='ltr'>ἐν</span> <span class='ocrx_word' id='word_1_205' title='bbox 488 2268 584 2317; x_wconf 85' lang='grc' dir='ltr'>τοῖς</span> <span class='ocrx_word' id='word_1_206' title='bbox 619 2269 832 2330; x_wconf 81' lang='grc' dir='ltr'>τυχοῦσι.</span> <span class='ocrx_word' id='word_1_207' title='bbox 887 2264 962 2312; x_wconf 78' lang='grc' dir='ltr'>καὶ</span> <span class='ocrx_word' id='word_1_208' title='bbox 997 2261 1061 2325; x_wconf 87' lang='grc' dir='ltr'>μὴ</span> <span class='ocrx_word' id='word_1_209' title='bbox 1095 2260 1414 2328; x_wconf 87' lang='grc' dir='ltr'>καταισχύνῃς</span> <span class='ocrx_word' id='word_1_210' title='bbox 1446 2259 1533 2323; x_wconf 85' lang='grc' dir='ltr'>τὴν</span> <span class='ocrx_word' id='word_1_211' title='bbox 1565 2259 1728 2326; x_wconf 86' lang='grc' dir='ltr'>φύσιν,</span> 
     </span>
     <span class='ocr_line' id='line_1_26' title="bbox 203 2343 1730 2415; baseline -0.005 -16"><span class='ocrx_word' id='word_1_212' title='bbox 203 2348 320 2413; x_wconf 80' lang='grc' dir='ltr'>μηδὲ</span> <span class='ocrx_word' id='word_1_213' title='bbox 346 2350 618 2415; x_wconf 77' lang='grc' dir='ltr'>ψευσθῆναι</span> <span class='ocrx_word' id='word_1_214' title='bbox 649 2346 852 2413; x_wconf 87' lang='grc' dir='ltr'>ποιήσῃς</span> <span class='ocrx_word' id='word_1_215' title='bbox 885 2350 980 2395; x_wconf 90' lang='grc' dir='ltr'>τῶν</span> <span class='ocrx_word' id='word_1_216' title='bbox 1012 2346 1217 2395; x_wconf 84' lang='grc' dir='ltr'>ἐλπίδων</span> <span class='ocrx_word' id='word_1_217' title='bbox 1248 2344 1355 2397; x_wconf 75' lang='grc' dir='ltr'>τοὺς</span> <span class='ocrx_word' id='word_1_218' title='bbox 1387 2346 1460 2394; x_wconf 80' lang='grc' dir='ltr'>ἐπὶ</span> <span class='ocrx_word' id='word_1_219' title='bbox 1496 2346 1574 2394; x_wconf 75' lang='grc' dir='ltr'>σοὶ</span> <span class='ocrx_word' id='word_1_220' title='bbox 1609 2343 1730 2407; x_wconf 82' lang='grc' dir='ltr'>μέγα</span> 
     </span>
     <span class='ocr_line' id='line_1_27' title="bbox 207 2427 1848 2500; baseline -0.003 -18"><span class='ocrx_word' id='word_1_221' title='bbox 207 2435 509 2500; x_wconf 85' lang='grc' dir='ltr'>φρονοῦντας,</span> <span class='ocrx_word' id='word_1_222' title='bbox 542 2431 650 2480; x_wconf 84' lang='grc' dir='ltr'>ἀλλ’</span> <span class='ocrx_word' id='word_1_223' title='bbox 685 2427 1115 2494; x_wconf 62' lang='grc' dir='ltr'>(Ῑὺπερβάλλεσθαι</span> <span class='ocrx_word' id='word_1_224' title='bbox 1153 2431 1297 2490; x_wconf 90' lang='grc' dir='ltr'>πειρῶ</span> <span class='ocrx_word' id='word_1_225' title='bbox 1336 2430 1394 2493; x_wconf 80' lang='grc' dir='ltr'>τῇ</span> <span class='ocrx_word' id='word_1_226' title='bbox 1429 2431 1609 2475; x_wconf 85' lang='grc' dir='ltr'>σαυτοῦ</span> <span class='ocrx_word' id='word_1_227' title='bbox 1644 2428 1723 2475; x_wconf 88' lang='grc' dir='ltr'>δυ·</span> <span class='ocrx_word' id='word_1_228' title='bbox 1749 2440 1848 2479; x_wconf 79' lang='lat'>1417</span> 
     </span>
    </p>

    <p class='ocr_par' dir='ltr' id='par_1_6' title="bbox 140 2507 1730 2662">
     <span class='ocr_line' id='line_1_28' title="bbox 140 2507 1730 2578; baseline -0.003 -13"><span class='ocrx_word' id='word_1_229' title='bbox 140 2527 193 2577; x_wconf 90' lang='lat'>64</span> <span class='ocrx_word' id='word_1_230' title='bbox 208 2514 340 2578; x_wconf 82' lang='grc' dir='ltr'>νάμει</span> <span class='ocrx_word' id='word_1_231' title='bbox 380 2513 467 2577; x_wconf 88' lang='grc' dir='ltr'>τὴν</span> <span class='ocrx_word' id='word_1_232' title='bbox 503 2518 597 2564; x_wconf 92' lang='grc' dir='ltr'>τῶν</span> <span class='ocrx_word' id='word_1_233' title='bbox 636 2512 960 2563; x_wconf 80' lang='grc' dir='ltr'>εὐνουστάτων</span> <span class='ocrx_word' id='word_1_234' title='bbox 999 2512 1262 2574; x_wconf 87' lang='grc' dir='ltr'>ἐπιθυμίαν.</span> <span class='ocrx_word' id='word_1_235' title='bbox 1318 2514 1394 2561; x_wconf 85' lang='grc' dir='ltr'>καὶ</span> <span class='ocrx_word' id='word_1_236' title='bbox 1433 2509 1586 2574; x_wconf 75' lang='grc' dir='ltr'>νόμιζε</span> <span class='ocrx_word' id='word_1_237' title='bbox 1623 2507 1730 2561; x_wconf 77' lang='grc' dir='ltr'>τοὺς</span> 
     </span>
     <span class='ocr_line' id='line_1_29' title="bbox 207 2595 1730 2662; baseline -0.007 -12"><span class='ocrx_word' id='word_1_238' title='bbox 207 2598 293 2662; x_wconf 78' lang='grc' dir='ltr'>μὲν</span> <span class='ocrx_word' id='word_1_239' title='bbox 337 2598 515 2650; x_wconf 77' lang='grc' dir='ltr'>ἄλλους</span> <span class='ocrx_word' id='word_1_240' title='bbox 560 2596 747 2662; x_wconf 86' lang='grc' dir='ltr'>λόγους,</span> <span class='ocrx_word' id='word_1_241' title='bbox 794 2596 907 2646; x_wconf 82' lang='grc' dir='ltr'>ὅταν</span> <span class='ocrx_word' id='word_1_242' title='bbox 950 2597 1157 2648; x_wconf 87' lang='grc' dir='ltr'>ἐπιεικῶς</span> <span class='ocrx_word' id='word_1_243' title='bbox 1201 2595 1362 2661; x_wconf 76' lang='grc' dir='ltr'>ἔχωσι,</span> <span class='ocrx_word' id='word_1_244' title='bbox 1405 2598 1501 2646; x_wconf 82' lang='grc' dir='ltr'>τοῖς</span> <span class='ocrx_word' id='word_1_245' title='bbox 1547 2597 1730 2643; x_wconf 75' lang='grc' dir='ltr'>εἷποῦσι</span> 
     </span>
    </p>
   </div>
   <div class='ocr_carea' id='block_1_3' title="bbox 210 2768 1732 2942">
    <p class='ocr_par' dir='ltr' id='par_1_7' title="bbox 210 2768 1732 2942">
     <span class='ocr_line' id='line_1_30' title="bbox 263 2768 1730 2821; baseline -0.007 -12"><span class='ocrx_word' id='word_1_246' title='bbox 263 2774 278 2800; x_wconf 61' lang='lat' dir='ltr'><strong>t</strong></span> <span class='ocrx_word' id='word_1_247' title='bbox 297 2775 467 2821; x_wconf 83' lang='grc' dir='ltr'>ἀνδρείας]</span> <span class='ocrx_word' id='word_1_248' title='bbox 491 2775 627 2819; x_wconf 81' lang='grc' dir='ltr'>ἀνδρίας</span> <span class='ocrx_word' id='word_1_249' title='bbox 647 2775 689 2808; x_wconf 89' lang='grc' dir='ltr'>Β.</span> <span class='ocrx_word' id='word_1_250' title='bbox 774 2779 794 2798; x_wconf 78' lang='lat'>¹¹</span> <span class='ocrx_word' id='word_1_251' title='bbox 815 2773 905 2819; x_wconf 82' lang='grc' dir='ltr'>αὐτῷ</span> <span class='ocrx_word' id='word_1_252' title='bbox 924 2772 1050 2818; x_wconf 83' lang='grc' dir='ltr'>καλῶν]</span> <span class='ocrx_word' id='word_1_253' title='bbox 1075 2774 1187 2806; x_wconf 82' lang='grc' dir='ltr'>καλῶν</span> <span class='ocrx_word' id='word_1_254' title='bbox 1206 2771 1296 2805; x_wconf 76' lang='grc' dir='ltr'>αὐτῶ</span> <span class='ocrx_word' id='word_1_255' title='bbox 1316 2783 1347 2803; x_wconf 76' lang='lat' dir='ltr'>V.</span> <span class='ocrx_word' id='word_1_256' title='bbox 1424 2775 1442 2793; x_wconf 78' lang='grc' dir='ltr'><strong>Χ</strong></span> <span class='ocrx_word' id='word_1_257' title='bbox 1462 2768 1730 2813; x_wconf 70' lang='grc' dir='ltr'>Ἐγὼ-’γιγνώ-</span> 
     </span>
     <span class='ocr_line' id='line_1_31' title="bbox 210 2818 1729 2873; baseline -0.005 -11"><span class='ocrx_word' id='word_1_258' title='bbox 210 2842 282 2862; x_wconf 89' lang='grc' dir='ltr'>σκω</span> <span class='ocrx_word' id='word_1_259' title='bbox 307 2842 361 2873; x_wconf 86' lang='grc' dir='ltr'>γρ.</span> <span class='ocrx_word' id='word_1_260' title='bbox 385 2827 520 2866; x_wconf 84' lang='lat' dir='ltr'><strong>F.Y.Q.</strong></span> <span class='ocrx_word' id='word_1_261' title='bbox 543 2833 577 2862; x_wconf 80' lang='lat' dir='ltr'>et</span> <span class='ocrx_word' id='word_1_262' title='bbox 597 2842 654 2873; x_wconf 82' lang='grc' dir='ltr'>γρ.</span> <span class='ocrx_word' id='word_1_263' title='bbox 678 2827 719 2860; x_wconf 87' lang='grc' dir='ltr'>Β.</span> <span class='ocrx_word' id='word_1_264' title='bbox 744 2827 818 2872; x_wconf 84' lang='lat' dir='ltr'>(qui</span> <span class='ocrx_word' id='word_1_265' title='bbox 838 2838 908 2859; x_wconf 87' lang='lat' dir='ltr'>nou</span> <span class='ocrx_word' id='word_1_266' title='bbox 929 2826 1055 2866; x_wconf 72' lang='grc' dir='ltr'>ἄλλως,</span> <span class='ocrx_word' id='word_1_267' title='bbox 1078 2826 1138 2859; x_wconf 83' lang='lat' dir='ltr'>scd</span> <span class='ocrx_word' id='word_1_268' title='bbox 1158 2824 1277 2868; x_wconf 72' lang='grc' dir='ltr'>ἄλλα).</span> <span class='ocrx_word' id='word_1_269' title='bbox 1325 2821 1384 2867; x_wconf 80' lang='grc' dir='ltr'>ὑφ’</span> <span class='ocrx_word' id='word_1_270' title='bbox 1405 2818 1451 2855; x_wconf 76' lang='grc' dir='ltr'>ὧν</span> <span class='ocrx_word' id='word_1_271' title='bbox 1470 2820 1529 2854; x_wconf 77' lang='grc' dir='ltr'>οὖν</span> <span class='ocrx_word' id='word_1_272' title='bbox 1550 2819 1729 2857; x_wconf 72' lang='grc' dir='ltr'>1·“.8.Υ.Ω.</span> 
     </span>
     <span class='ocr_line' id='line_1_32' title="bbox 210 2887 1732 2942; baseline -0.007 -12"><span class='ocrx_word' id='word_1_273' title='bbox 210 2896 289 2930; x_wconf 69' lang='grc' dir='ltr'>ΟΝ.</span> <span class='ocrx_word' id='word_1_274' title='bbox 311 2903 345 2930; x_wconf 81' lang='lat' dir='ltr'>et</span> <span class='ocrx_word' id='word_1_275' title='bbox 365 2897 486 2942; x_wconf 84' lang='lat' dir='ltr'><strong>vulgo.</strong></span> <span class='ocrx_word' id='word_1_276' title='bbox 597 2902 616 2929; x_wconf 79' lang='lat' dir='ltr'>Y</span> <span class='ocrx_word' id='word_1_277' title='bbox 635 2894 775 2940; x_wconf 75' lang='grc' dir='ltr'>τούτου]</span> <span class='ocrx_word' id='word_1_278' title='bbox 798 2887 930 2928; x_wconf 55' lang='grc' dir='ltr'>τούτῧῆἴ</span> <span class='ocrx_word' id='word_1_279' title='bbox 947 2894 985 2927; x_wconf 85' lang='lat' dir='ltr'>F.</span> <span class='ocrx_word' id='word_1_280' title='bbox 1021 2893 1150 2928; x_wconf 81' lang='grc' dir='ltr'>τούτων</span> <span class='ocrx_word' id='word_1_281' title='bbox 1171 2893 1216 2932; x_wconf 87' lang='lat' dir='ltr'><strong>Q</strong></span> <span class='ocrx_word' id='word_1_282' title='bbox 1331 2897 1347 2915; x_wconf 77' lang='grc' dir='ltr'>Ζ</span> <span class='ocrx_word' id='word_1_283' title='bbox 1368 2889 1524 2936; x_wconf 81' lang='grc' dir='ltr'>διῆλθον]</span> <span class='ocrx_word' id='word_1_284' title='bbox 1550 2887 1732 2931; x_wconf 81' lang='grc' dir='ltr'>διήλθομεν</span> 
     </span>
    </p>
   </div>
   <div class='ocr_carea' id='block_1_4' title="bbox 208 2941 1729 3047">
    <p class='ocr_par' dir='ltr' id='par_1_8' title="bbox 208 2941 1729 3047">
     <span class='ocr_line' id='line_1_33' title="bbox 211 2941 1729 2992; baseline -0.007 -9"><span class='ocrx_word' id='word_1_285' title='bbox 211 2949 341 2987; x_wconf 82' lang='lat' dir='ltr'><strong>F.S.Q.</strong></span> <span class='ocrx_word' id='word_1_286' title='bbox 419 2955 437 2974; x_wconf 68' lang='lat' dir='ltr'>fl</span> <span class='ocrx_word' id='word_1_287' title='bbox 456 2950 516 2992; x_wconf 85' lang='grc' dir='ltr'>τὴν</span> <span class='ocrx_word' id='word_1_288' title='bbox 536 2961 606 2983; x_wconf 85' lang='lat' dir='ltr'>om.</span> <span class='ocrx_word' id='word_1_289' title='bbox 630 2948 676 2984; x_wconf 90' lang='grc' dir='ltr'>Ο.</span> <span class='ocrx_word' id='word_1_290' title='bbox 753 2944 772 2972; x_wconf 82' lang='lat' dir='ltr'>b</span> <span class='ocrx_word' id='word_1_291' title='bbox 793 2946 1000 2992; x_wconf 82' lang='grc' dir='ltr'>συμφέρειν]</span> <span class='ocrx_word' id='word_1_292' title='bbox 1026 2947 1196 2991; x_wconf 80' lang='grc' dir='ltr'>συμφέρει</span> <span class='ocrx_word' id='word_1_293' title='bbox 1217 2958 1248 2979; x_wconf 79' lang='lat' dir='ltr'>v,</span> <span class='ocrx_word' id='word_1_294' title='bbox 1333 2950 1348 2969; x_wconf 77' lang='lat'><strong>⁰</strong></span> <span class='ocrx_word' id='word_1_295' title='bbox 1367 2941 1576 2988; x_wconf 81' lang='grc' dir='ltr'>προέχοντα]</span> <span class='ocrx_word' id='word_1_296' title='bbox 1602 2941 1729 2985; x_wconf 86' lang='grc' dir='ltr'>προσέ-</span> 
     </span>
     <span class='ocr_line' id='line_1_34' title="bbox 208 2999 1210 3047; baseline -0.004 -11"><span class='ocrx_word' id='word_1_297' title='bbox 208 3016 314 3047; x_wconf 88' lang='grc' dir='ltr'>χοντα</span> <span class='ocrx_word' id='word_1_298' title='bbox 337 3002 423 3040; x_wconf 85' lang='lat' dir='ltr'><strong>S.Q.</strong></span> <span class='ocrx_word' id='word_1_299' title='bbox 535 2999 554 3028; x_wconf 82' lang='lat' dir='ltr'>d</span> <span class='ocrx_word' id='word_1_300' title='bbox 576 3000 875 3047; x_wconf 81' lang='grc' dir='ltr'>ὑπερβάλλεσθαι]</span> <span class='ocrx_word' id='word_1_301' title='bbox 902 3000 1159 3044; x_wconf 77' lang='grc' dir='ltr'>ὑπερβαλέσθαι</span> <span class='ocrx_word' id='word_1_302' title='bbox 1179 3011 1210 3032; x_wconf 80' lang='lat' dir='ltr'>v.</span> 
     </span>
    </p>
   </div>
   <div class='ocr_carea' id='block_1_5' title="bbox 912 3073 1034 3100">
    <p class='ocr_par' dir='ltr' id='par_1_9' title="bbox 912 3073 1034 3100">
     <span class='ocr_line' id='line_1_35' title="bbox 912 3073 1034 3100; baseline 0 0"><span class='ocrx_word' id='word_1_303' title='bbox 912 3073 1034 3100; x_wconf 71' lang='lat' dir='ltr'><strong>an</strong></span> 
     </span>
    </p>
   </div>
  </div>
 </body>
</html>
