2009 3286
105 201 362 254 -1489‚12.
802 202 1086 242 ΕΠΙΣΤΟΛΗ
1121 203 1170 239 Δ.
1643 199 1750 239 1511

233 314 293 341 bv
535 319 556 327 Α

263 338 445 383 εσχατα
495 333 595 381 γης·
641 313 708 369 οῖς
758 313 910 365 ἅπασι
960 317 1238 377 συμβεβηκε
1286 312 1451 363 πολλὰ
1502 314 1578 363 καὶ
1629 310 1809 362 &weho

194 399 512 454 8πεπονθέναι
551 401 626 449 καὶ
655 397 857 465 χαλεπά.
911 395 1041 446 ἀλλὰ
1077 395 1132 459 νὴ
1160 395 1256 446 Δία
1288 397 1466 447 τούτων
1500 394 1586 459 μὲν
1618 395 1751 458 ἄμει-

234 507 315 536 νον
363 486 480 547 ὑμᾶς
538 482 761 548 πράττειν
812 480 1014 534 ἅπαντες
1066 479 1443 545 ὁμολογήσουσι,
1495 483 1755 531 Θετταλῶν

234 568 283 619 δὲ
321 572 395 618 καὶ
434 568 696 632 οἈργείων
736 567 812 616 καὶ
846 564 1094 631 Ἀρκάδων
1130 568 1298 631 χεῖρον,
1339 563 1366 628 ἦ
1402 569 1541 615 τινῶν
1576 563 1756 624 ἄλλων,

234 651 302 705 οῖς
339 653 388 702 ἐν
425 651 676 718 συμμαχίᾳ
716 649 896 713 συνέβη
934 650 1154 713 γενέσθαι
1196 647 1436 717 Φιλίππῳ.
1483 647 1614 698 ἀλλὰ
1643 646 1750 697 τού·
1771 665 1807 697 15

906 730 1245 799 ᾶάπηλλάχατε
1297 734 1350 782 οὐ
1390 731 1536 795 μόνον
1576 735 1642 800 τῷ
1693 730 1758 794 μὴ

233 759 329 787 των
380 737 455 786 καὶ
495 734 620 786 πολὺ
663 734 855 794 βέλτιον

235 818 606 871 θδεδουλευκέναι
651 818 822 883 (καίτοι
871 817 920 867 τί
958 818 1194 880 τηλικοῦθ’
1242 817 1399 882 ἕτερον
1422 823 1478 886 3),
1517 815 1646 867 ἀλλὰ
1683 817 1759 866 καὶ

235 908 302 973 τῷ
327 902 436 957 τοὺς
461 902 545 966 μὲν
569 900 750 955 πάντας
776 901 949 953 αἰτίους
987 898 1101 950 εἶναι
1132 902 1282 950 δοκεῖν
1308 905 1403 951 τῶν
1427 905 1522 954 τοῖς
1539 900 1761 964 ’Έλλησι

237 992 392 1038 κακῶν
441 985 818 1050 συμβεβηκότων
868 983 944 1034 διὰ
989 984 1233 1035 Φιλίππου
1284 986 1359 1035 καὶ
1403 987 1486 1048 τῆς
1533 985 1759 1046 δουλείας,

196 1087 222 1130 9
239 1072 296 1141 ἐξ
318 1070 382 1122 ῶν
408 1070 595 1123 εἰκότως
619 1075 884 1133 μισοῦνται,
912 1069 1029 1131 ὑμᾶς
1056 1069 1093 1118 δ’
1123 1069 1326 1133 ὁρᾶσθαι
1361 1068 1474 1135 ὑπὲρ
1508 1073 1602 1119 τῶν
1635 1069 1754 1119 εΕλ-
1772 1088 1813 1109 20

237 1155 396 1220 λήνων
442 1158 516 1205 καὶ
562 1153 759 1217 σώμασι
810 1155 886 1203 καὶ
934 1151 1149 1218 χρήμασι
1194 1154 1269 1202 καὶ
1314 1151 1452 1203 πόλει
1503 1155 1576 1203 καὶ
1629 1152 1763 1220 χώρᾳ

239 1242 314 1291 καὶ
339 1244 490 1290 πᾶσιν
515 1237 879 1303 ἠγωνισμένους,
906 1238 1005 1287 ἀνθ’
1035 1235 1100 1286 ὧν
1134 1238 1346 1288 εὔκλειαν
1380 1236 1498 1291 εἰκὸς
1539 1237 1763 1304 ὑπάρχειν

240 1326 314 1374 καὶ
357 1322 495 1390 χάριν
540 1322 776 1373 ἀθάνατον
827 1320 957 1388 παρὰ
997 1325 1091 1371 τῶν
1141 1320 1201 1371 τὰ
1245 1322 1398 1372 δίκαια
1437 1320 1764 1385 ίΐβουλομένων

237 1412 401 1460 ποιεῖν.
457 1407 624 1456 οὐκοῦν
660 1407 742 1474 ἀφ’
771 1404 836 1456 ὧν
874 1406 966 1471 ἐγὼ
998 1406 1371 1468 συνεβούλευσα,
1398 1411 1492 1457 τῶν
1519 1405 1603 1469 μὲν
1629 1408 1758 1456 ἀντι·-

238 1490 458 1542 στάντων
497 1490 672 1556 ὂίριστα
712 1489 935 1555 πράττειν
975 1494 1033 1557 τῇ
1074 1489 1212 1541 πόλει
1251 1490 1540 1554 συμβέβηκε,
1581 1495 1677 1541 τῶν
1715 1489 1815 1543 δὲῖε

240 1575 672 1642 συνηγωνισμένων
699 1575 1001 1643 ἐνδοξοτέραν
1028 1573 1141 1625 εἶναι
1166 1576 1389 1641 περίεστι.

175 1675 226 1702 10
315 1664 581 1725 Τοιγαροῦν
619 1660 692 1709 ε’πῖ
732 1658 912 1712 τούτοις
951 1663 993 1709 οἱ
1038 1661 1132 1709 θεοὶ
1169 1658 1253 1712 τὰς
1296 1658 1381 1722 μὲν
1420 1660 1639 1723 μαντείας
1681 1659 1766 1712 τὰς

241 1743 424 1809 ἀγαθὰς
463 1745 569 1806 ὑμῖν
609 1743 810 1806 διδόασι,
844 1742 930 1806 τὴν
971 1743 1008 1793 δ’
1038 1743 1197 1793 ἄδικον
1231 1743 1554 1810 βλασφημίαν
1588 1747 1650 1796 εἷς
1685 1766 1760 1794 κε-

242 1826 407 1897 φαλὴν
432 1831 499 1894 τῷ
526 1827 715 1892 λε’γοντι
740 1826 983 1892 τρέπουσι.
1032 1827 1165 1890 γνοίη
1194 1828 1235 1875 δ’
1263 1826 1321 1876 ἄν
1347 1849 1429 1888 τις,
1455 1831 1492 1876 εἰ
1517 1827 1766 1892 προέλοιτο
1784 1827 1891 1881 1489

241 1910 464 1980 ἐξετάσαι
503 1911 562 1961 τὰ
601 1911 958 1974 ἐπιτηδεύματα,
993 1912 1041 1960 ἐν
1083 1909 1150 1963 οἷς
1191 1909 1261 1977 ζῇ.
1325 1908 1356 1960 ἃ
1391 1909 1483 1976 γὰρ
1524 1910 1581 1960 ἂν
1616 1933 1762 1960 κατα-

179 1993 446 2062 ῙῙράσαιτό
484 2017 554 2047 τις
597 1995 735 2063 αὐτῷ,
776 1995 903 2044 ταῦτ’
948 1995 997 2044 ἐκ
1037 1993 1354 2059 προαιρέσεως
1397 1999 1529 2044 ποιεῖ.
1601 1992 1768 2061 ἐχθρὸς

241 2078 327 2143 μέν
354 2080 458 2129 ἐστι
484 2084 579 2132 τοῖς
606 2083 812 2144 γονεῦσι,
840 2078 983 2146 φίλος
1010 2076 1057 2127 δὲ
1086 2078 1341 2146 Παυσανίᾳ
1374 2081 1440 2146 τῷ
1471 2077 1650 2146 πόρνῳ·
1692 2079 1767 2128 καὶ

242 2161 527 2229 θρασύνεται
553 2161 639 2224 μὲν
666 2164 727 2215 ὡς
755 2160 886 2227 ἀνὴρ,
913 2159 1090 2228 πάσχει
1121 2162 1157 2210 δ’
1188 2163 1249 2214 ὡς
1276 2160 1412 2226 γυνή·
1456 2165 1531 2212 καὶ
1564 2167 1647 2212 τοῦ
1679 2161 1794 2224 μὲνε

241 2246 418 2312 πατρός
457 2248 560 2297 ἐστι
601 2246 836 2313 κρείττων,
863 2250 958 2296 τῶν
984 2247 1019 2295 δ’
1050 2249 1263 2311 αἰσχρῶν
1290 2246 1458 2310 ἥττων·
1500 2245 1566 2299 οἷς
1605 2248 1646 2296 δ’
1676 2245 1766 2297 ὑπὸ

238 2329 430 2381 πάντων
471 2330 836 2397 δυσχεραίνεται,
879 2328 1060 2383 τούτοις
1108 2328 1194 2392 τὴν
1239 2329 1445 2380 διάνοιαν
1489 2328 1766 2394 ἀγάλλεται,

242 2413 693 2481 αἱσχρορρημοσύνῃ
719 2415 794 2464 καὶ
828 2417 894 2482 τῷ
927 2416 1191 2479 διηγεῖσθαι
1231 2415 1356 2464 ταῦτ’
1386 2415 1457 2481 ἐφ’
1488 2413 1554 2467 οῖς
1581 2417 1761 2479 ἀλγοῦ-

243 2520 323 2548 σιν
351 2501 391 2547 οὶ
418 2496 676 2551 ἀκούοντες·
719 2499 771 2547 gl)
800 2498 853 2559 δ’,
882 2499 943 2550 ὡς
970 2497 1154 2565 ἀφελὴς
1181 2500 1255 2548 καὶ
1281 2500 1550 2564 παρρησίας
1575 2498 1766 2561 μεστὸς,
1785 2531 1822 2553 10

183 2583 300 2636 1201’)
333 2581 545 2632 παύεται.
601 2583 676 2631 καὶ
720 2587 867 2631 ταῦτα
909 2582 991 2631 οὐκ
1038 2580 1094 2631 ἂν
1139 2582 1344 2651 ἔγραψα,
1385 2586 1422 2632 εἰ
1470 2582 1534 2646 μὴ
1578 2586 1767 2644 κινῆσαι

247 2664 332 2728 τὴν
358 2667 406 2715 ἐν
434 2666 539 2727 ὑμῖν
565 2663 752 2727 μνήμην
779 2669 873 2714 τῶν
899 2664 1179 2730 προσόντων
1206 2666 1331 2734 αὐτῷ
1370 2670 1524 2716 κακῶν
1555 2665 1760 2728 ἠβουλό-

302 2853 320 2880 b
341 2855 490 2900 ἔσχατα]
516 2856 671 2899 ἐσχάτων
695 2856 766 2890 B.t.
911 2862 926 2880 ⁰
945 2855 1088 2901 ἅργείων
1108 2858 1160 2890 καὶ
1180 2857 1330 2901 (ῗρκάδων
1356 2857 1381 2890 B
1401 2856 1483 2893 RQ.
1524 2855 1694 2899 Ἀρκάδων
1714 2856 1767 2888 καὶ

247 2909 408 2954 Ἀργείων
427 2909 543 2953 vulgo.
668 2905 685 2933 ‘¹
707 2909 946 2954 ἀπηλλάχατε]
970 2909 1213 2954 ἀπηλλάχθη-τε
1234 2918 1258 2944 t.
1383 2915 1397 2933 e
1419 2908 1688 2953 δεδουλευκέναι]
1714 2909 1766 2941 δε-

249 2963 452 2995 δουλωκέναι
474 2962 544 2996 B.t.
678 2959 691 2985 f
708 2962 943 3007 βουλομένων]
968 2964 1225 3006 βουλευομένων
1246 2970 1270 2997 t.
1407 2968 1426 2994 g
1448 2963 1465 2993 ὁ
1485 2961 1512 2995 δ’
1535 2961 1595 3007 ὡς]
1619 2960 1706 2996 ὅλως
1729 2961 1764 2995 S.

251 3015 326 3053 Q.t.
368 3015 475 3049 Recte
498 3015 665 3060 scriptum
686 3015 722 3048 in
744 3015 797 3055 B„
818 3015 882 3049 nisi
905 3016 999 3060 quod
1020 3015 1068 3049 ὅδ’
1091 3016 1145 3051 ὡς.

959 3089 1083 3130 sz
